{"SPY": {"price": 658.06, "change": 0.0, "buy_flow": 6647287289.069983, "sell_flow": 7194784449.700033, "net_flow": -547497160.63, "big_trades": [{"timestamp": "2026-04-06T14:10:53.716444", "symbol": "SPY", "price": 657.3399, "size": 700, "side": "BUY", "notional": 460137.93}, {"timestamp": "2026-04-06T14:10:53.804011", "symbol": "SPY", "price": 657.34, "size": 639, "side": "BUY", "notional": 420040.26}, {"timestamp": "2026-04-06T14:10:54.697747", "symbol": "SPY", "price": 657.33, "size": 979, "side": "SELL", "notional": 643526.07}, {"timestamp": "2026-04-06T14:10:54.853758", "symbol": "SPY", "price": 657.33, "size": 500, "side": "BUY", "notional": 328665.0}, {"timestamp": "2026-04-06T14:10:56.381582", "symbol": "SPY", "price": 657.37, "size": 500, "side": "BUY", "notional": 328685.0}, {"timestamp": "2026-04-06T14:10:57.675574", "symbol": "SPY", "price": 657.36, "size": 500, "side": "BUY", "notional": 328680.0}, {"timestamp": "2026-04-06T14:11:02.444792", "symbol": "SPY", "price": 657.2401, "size": 1643, "side": "BUY", "notional": 1079845.48}, {"timestamp": "2026-04-06T14:11:04.544263", "symbol": "SPY", "price": 657.26, "size": 500, "side": "SELL", "notional": 328630.0}, {"timestamp": "2026-04-06T14:11:05.600550", "symbol": "SPY", "price": 657.27, "size": 560, "side": "SELL", "notional": 368071.2}, {"timestamp": "2026-04-06T14:11:10.100936", "symbol": "SPY", "price": 657.24, "size": 760, "side": "BUY", "notional": 499502.4}, {"timestamp": "2026-04-06T14:11:10.100950", "symbol": "SPY", "price": 657.21, "size": 551, "side": "SELL", "notional": 362122.71}, {"timestamp": "2026-04-06T14:11:11.791774", "symbol": "SPY", "price": 657.36, "size": 1080, "side": "SELL", "notional": 709948.8}, {"timestamp": "2026-04-06T14:11:13.724148", "symbol": "SPY", "price": 657.4599, "size": 2000, "side": "BUY", "notional": 1314919.8}, {"timestamp": "2026-04-06T14:11:15.169687", "symbol": "SPY", "price": 657.58, "size": 588, "side": "SELL", "notional": 386657.04}, {"timestamp": "2026-04-06T14:11:15.334041", "symbol": "SPY", "price": 657.56, "size": 500, "side": "SELL", "notional": 328780.0}, {"timestamp": "2026-04-06T14:11:15.373082", "symbol": "SPY", "price": 657.54, "size": 1600, "side": "SELL", "notional": 1052064.0}, {"timestamp": "2026-04-06T14:11:15.398174", "symbol": "SPY", "price": 657.5495, "size": 1600, "side": "BUY", "notional": 1052079.2}, {"timestamp": "2026-04-06T14:11:15.829287", "symbol": "SPY", "price": 657.59, "size": 500, "side": "SELL", "notional": 328795.0}, {"timestamp": "2026-04-06T14:11:18.380562", "symbol": "SPY", "price": 657.8, "size": 1278, "side": "SELL", "notional": 840668.4}, {"timestamp": "2026-04-06T14:11:18.442811", "symbol": "SPY", "price": 657.8499, "size": 1938, "side": "BUY", "notional": 1274913.11}, {"timestamp": "2026-04-06T14:11:18.442818", "symbol": "SPY", "price": 657.8499, "size": 3062, "side": "BUY", "notional": 2014336.39}, {"timestamp": "2026-04-06T14:11:18.709893", "symbol": "SPY", "price": 657.84, "size": 1491, "side": "BUY", "notional": 980839.44}, {"timestamp": "2026-04-06T14:11:19.129070", "symbol": "SPY", "price": 657.7699, "size": 520, "side": "BUY", "notional": 342040.35}, {"timestamp": "2026-04-06T14:11:19.167441", "symbol": "SPY", "price": 657.71, "size": 916, "side": "BUY", "notional": 602462.36}, {"timestamp": "2026-04-06T14:11:19.828400", "symbol": "SPY", "price": 657.69, "size": 500, "side": "BUY", "notional": 328845.0}, {"timestamp": "2026-04-06T14:11:19.828466", "symbol": "SPY", "price": 657.69, "size": 500, "side": "BUY", "notional": 328845.0}, {"timestamp": "2026-04-06T14:11:19.828542", "symbol": "SPY", "price": 657.69, "size": 500, "side": "BUY", "notional": 328845.0}, {"timestamp": "2026-04-06T14:11:19.828595", "symbol": "SPY", "price": 657.69, "size": 500, "side": "BUY", "notional": 328845.0}, {"timestamp": "2026-04-06T14:11:19.828626", "symbol": "SPY", "price": 657.69, "size": 500, "side": "BUY", "notional": 328845.0}, {"timestamp": "2026-04-06T14:11:19.828653", "symbol": "SPY", "price": 657.69, "size": 500, "side": "BUY", "notional": 328845.0}, {"timestamp": "2026-04-06T14:11:19.978567", "symbol": "SPY", "price": 657.67, "size": 500, "side": "BUY", "notional": 328835.0}, {"timestamp": "2026-04-06T14:11:24.173381", "symbol": "SPY", "price": 657.5901, "size": 715, "side": "BUY", "notional": 470176.92}, {"timestamp": "2026-04-06T14:11:25.413348", "symbol": "SPY", "price": 657.58, "size": 500, "side": "SELL", "notional": 328790.0}, {"timestamp": "2026-04-06T14:11:28.659734", "symbol": "SPY", "price": 657.51, "size": 1440, "side": "SELL", "notional": 946814.4}, {"timestamp": "2026-04-06T14:11:29.864311", "symbol": "SPY", "price": 657.4775, "size": 6481, "side": "BUY", "notional": 4261111.68}, {"timestamp": "2026-04-06T14:11:32.749356", "symbol": "SPY", "price": 657.46, "size": 1774, "side": "BUY", "notional": 1166334.04}, {"timestamp": "2026-04-06T14:11:32.767296", "symbol": "SPY", "price": 657.5, "size": 1000, "side": "BUY", "notional": 657500.0}, {"timestamp": "2026-04-06T14:11:35.659500", "symbol": "SPY", "price": 657.56, "size": 1128, "side": "SELL", "notional": 741727.68}, {"timestamp": "2026-04-06T14:11:40.676648", "symbol": "SPY", "price": 657.4001, "size": 5000, "side": "SELL", "notional": 3287000.5}, {"timestamp": "2026-04-06T14:11:41.600805", "symbol": "SPY", "price": 657.4, "size": 827, "side": "SELL", "notional": 543669.8}, {"timestamp": "2026-04-06T14:11:43.390071", "symbol": "SPY", "price": 657.39, "size": 600, "side": "SELL", "notional": 394434.0}, {"timestamp": "2026-04-06T14:11:44.561261", "symbol": "SPY", "price": 657.33, "size": 596, "side": "SELL", "notional": 391768.68}, {"timestamp": "2026-04-06T14:11:44.719746", "symbol": "SPY", "price": 657.29, "size": 708, "side": "SELL", "notional": 465361.32}, {"timestamp": "2026-04-06T14:11:46.493688", "symbol": "SPY", "price": 657.26, "size": 520, "side": "SELL", "notional": 341775.2}, {"timestamp": "2026-04-06T14:11:46.494866", "symbol": "SPY", "price": 657.26, "size": 763, "side": "SELL", "notional": 501489.38}, {"timestamp": "2026-04-06T14:11:46.800185", "symbol": "SPY", "price": 657.27, "size": 560, "side": "SELL", "notional": 368071.2}, {"timestamp": "2026-04-06T14:11:49.344789", "symbol": "SPY", "price": 657.32, "size": 1596, "side": "BUY", "notional": 1049082.72}, {"timestamp": "2026-04-06T14:11:56.223193", "symbol": "SPY", "price": 657.49, "size": 500, "side": "BUY", "notional": 328745.0}, {"timestamp": "2026-04-06T14:11:58.010405", "symbol": "SPY", "price": 657.51, "size": 740, "side": "BUY", "notional": 486557.4}, {"timestamp": "2026-04-06T14:12:05.363027", "symbol": "SPY", "price": 657.44, "size": 740, "side": "BUY", "notional": 486505.6}, {"timestamp": "2026-04-06T14:12:05.419198", "symbol": "SPY", "price": 657.47, "size": 500, "side": "BUY", "notional": 328735.0}, {"timestamp": "2026-04-06T14:12:05.438418", "symbol": "SPY", "price": 657.47, "size": 500, "side": "BUY", "notional": 328735.0}, {"timestamp": "2026-04-06T14:12:05.463336", "symbol": "SPY", "price": 657.49, "size": 500, "side": "BUY", "notional": 328745.0}, {"timestamp": "2026-04-06T14:12:05.463418", "symbol": "SPY", "price": 657.49, "size": 500, "side": "BUY", "notional": 328745.0}, {"timestamp": "2026-04-06T14:12:05.470894", "symbol": "SPY", "price": 657.52, "size": 500, "side": "BUY", "notional": 328760.0}, {"timestamp": "2026-04-06T14:12:05.470988", "symbol": "SPY", "price": 657.52, "size": 500, "side": "BUY", "notional": 328760.0}, {"timestamp": "2026-04-06T14:12:05.521171", "symbol": "SPY", "price": 657.53, "size": 500, "side": "BUY", "notional": 328765.0}, {"timestamp": "2026-04-06T14:12:05.553237", "symbol": "SPY", "price": 657.56, "size": 500, "side": "BUY", "notional": 328780.0}, {"timestamp": "2026-04-06T14:12:05.553330", "symbol": "SPY", "price": 657.57, "size": 500, "side": "BUY", "notional": 328785.0}, {"timestamp": "2026-04-06T14:12:05.553438", "symbol": "SPY", "price": 657.57, "size": 500, "side": "BUY", "notional": 328785.0}, {"timestamp": "2026-04-06T14:12:05.843251", "symbol": "SPY", "price": 657.49, "size": 500, "side": "BUY", "notional": 328745.0}, {"timestamp": "2026-04-06T14:12:08.527642", "symbol": "SPY", "price": 657.39, "size": 2000, "side": "BUY", "notional": 1314780.0}, {"timestamp": "2026-04-06T14:12:20.362725", "symbol": "SPY", "price": 657.295, "size": 500, "side": "SELL", "notional": 328647.5}, {"timestamp": "2026-04-06T14:12:27.835907", "symbol": "SPY", "price": 657.42, "size": 1470, "side": "BUY", "notional": 966407.4}, {"timestamp": "2026-04-06T14:12:29.852948", "symbol": "SPY", "price": 657.38, "size": 1109, "side": "BUY", "notional": 729034.42}, {"timestamp": "2026-04-06T14:12:39.942312", "symbol": "SPY", "price": 657.31, "size": 621, "side": "BUY", "notional": 408189.51}, {"timestamp": "2026-04-06T14:12:40.915128", "symbol": "SPY", "price": 657.2401, "size": 500, "side": "SELL", "notional": 328620.05}, {"timestamp": "2026-04-06T14:12:45.685661", "symbol": "SPY", "price": 657.34, "size": 500, "side": "BUY", "notional": 328670.0}, {"timestamp": "2026-04-06T14:12:48.166352", "symbol": "SPY", "price": 657.34, "size": 500, "side": "BUY", "notional": 328670.0}, {"timestamp": "2026-04-06T14:12:48.680547", "symbol": "SPY", "price": 657.3785, "size": 977, "side": "BUY", "notional": 642258.79}, {"timestamp": "2026-04-06T14:12:51.399943", "symbol": "SPY", "price": 657.36, "size": 908, "side": "BUY", "notional": 596882.88}, {"timestamp": "2026-04-06T14:12:55.518393", "symbol": "SPY", "price": 657.4999, "size": 542, "side": "BUY", "notional": 356364.95}, {"timestamp": "2026-04-06T14:12:56.809937", "symbol": "SPY", "price": 657.465, "size": 500, "side": "BUY", "notional": 328732.5}, {"timestamp": "2026-04-06T14:13:16.215635", "symbol": "SPY", "price": 657.3901, "size": 2000, "side": "SELL", "notional": 1314780.2}, {"timestamp": "2026-04-06T14:13:22.568002", "symbol": "SPY", "price": 657.3, "size": 500, "side": "SELL", "notional": 328650.0}, {"timestamp": "2026-04-06T14:13:31.419706", "symbol": "SPY", "price": 657.3101, "size": 715, "side": "BUY", "notional": 469976.72}, {"timestamp": "2026-04-06T14:13:33.580090", "symbol": "SPY", "price": 657.3499, "size": 1095, "side": "BUY", "notional": 719798.14}, {"timestamp": "2026-04-06T14:13:40.724414", "symbol": "SPY", "price": 657.26, "size": 515, "side": "BUY", "notional": 338488.9}, {"timestamp": "2026-04-06T14:13:40.730954", "symbol": "SPY", "price": 657.26, "size": 531, "side": "BUY", "notional": 349005.06}, {"timestamp": "2026-04-06T14:13:46.856905", "symbol": "SPY", "price": 657.56, "size": 500, "side": "BUY", "notional": 328780.0}, {"timestamp": "2026-04-06T14:13:47.057226", "symbol": "SPY", "price": 657.5, "size": 500, "side": "BUY", "notional": 328750.0}, {"timestamp": "2026-04-06T14:13:47.139975", "symbol": "SPY", "price": 657.51, "size": 500, "side": "BUY", "notional": 328755.0}, {"timestamp": "2026-04-06T14:13:53.247848", "symbol": "SPY", "price": 657.37, "size": 5916, "side": "BUY", "notional": 3889000.92}, {"timestamp": "2026-04-06T14:13:55.409773", "symbol": "SPY", "price": 657.37, "size": 500, "side": "BUY", "notional": 328685.0}, {"timestamp": "2026-04-06T14:13:55.425631", "symbol": "SPY", "price": 657.35, "size": 500, "side": "SELL", "notional": 328675.0}, {"timestamp": "2026-04-06T14:13:57.893105", "symbol": "SPY", "price": 657.365, "size": 560, "side": "SELL", "notional": 368124.4}, {"timestamp": "2026-04-06T14:14:10.585526", "symbol": "SPY", "price": 657.1802, "size": 522, "side": "SELL", "notional": 343048.06}, {"timestamp": "2026-04-06T14:14:11.646073", "symbol": "SPY", "price": 657.2, "size": 600, "side": "SELL", "notional": 394320.0}, {"timestamp": "2026-04-06T14:14:14.359842", "symbol": "SPY", "price": 657.25, "size": 500, "side": "SELL", "notional": 328625.0}, {"timestamp": "2026-04-06T14:14:23.552805", "symbol": "SPY", "price": 657.16, "size": 500, "side": "SELL", "notional": 328580.0}, {"timestamp": "2026-04-06T14:14:23.966806", "symbol": "SPY", "price": 657.14, "size": 500, "side": "SELL", "notional": 328570.0}, {"timestamp": "2026-04-06T14:14:23.966890", "symbol": "SPY", "price": 657.13, "size": 2619, "side": "SELL", "notional": 1721023.47}, {"timestamp": "2026-04-06T14:14:31.632283", "symbol": "SPY", "price": 657.13, "size": 1000, "side": "BUY", "notional": 657130.0}, {"timestamp": "2026-04-06T14:14:32.991755", "symbol": "SPY", "price": 657.12, "size": 600, "side": "BUY", "notional": 394272.0}, {"timestamp": "2026-04-06T14:14:34.341751", "symbol": "SPY", "price": 657.2199, "size": 1000, "side": "BUY", "notional": 657219.9}, {"timestamp": "2026-04-06T14:14:34.407734", "symbol": "SPY", "price": 657.22, "size": 7720, "side": "BUY", "notional": 5073738.4}, {"timestamp": "2026-04-06T14:14:34.489894", "symbol": "SPY", "price": 657.23, "size": 2234, "side": "BUY", "notional": 1468251.82}, {"timestamp": "2026-04-06T14:14:35.772350", "symbol": "SPY", "price": 657.22, "size": 506, "side": "BUY", "notional": 332553.32}, {"timestamp": "2026-04-06T14:14:55.119094", "symbol": "SPY", "price": 657.2901, "size": 2332, "side": "BUY", "notional": 1532800.51}, {"timestamp": "2026-04-06T14:14:57.814325", "symbol": "SPY", "price": 657.29, "size": 2120, "side": "SELL", "notional": 1393454.8}, {"timestamp": "2026-04-06T14:14:57.820676", "symbol": "SPY", "price": 657.3001, "size": 2120, "side": "BUY", "notional": 1393476.21}, {"timestamp": "2026-04-06T14:15:00.746855", "symbol": "SPY", "price": 657.32, "size": 1000, "side": "SELL", "notional": 657320.0}, {"timestamp": "2026-04-06T14:15:04.802260", "symbol": "SPY", "price": 657.28, "size": 1539, "side": "SELL", "notional": 1011553.92}, {"timestamp": "2026-04-06T14:15:10.003988", "symbol": "SPY", "price": 657.39, "size": 500, "side": "SELL", "notional": 328695.0}, {"timestamp": "2026-04-06T14:15:41.637773", "symbol": "SPY", "price": 657.3875, "size": 1012, "side": "BUY", "notional": 665276.15}, {"timestamp": "2026-04-06T14:15:41.637803", "symbol": "SPY", "price": 657.3875, "size": 788, "side": "BUY", "notional": 518021.35}, {"timestamp": "2026-04-06T14:15:58.193430", "symbol": "SPY", "price": 657.453, "size": 500, "side": "SELL", "notional": 328726.5}, {"timestamp": "2026-04-06T14:15:58.910900", "symbol": "SPY", "price": 657.525, "size": 506, "side": "SELL", "notional": 332707.65}, {"timestamp": "2026-04-06T14:16:02.842544", "symbol": "SPY", "price": 657.55, "size": 500, "side": "BUY", "notional": 328775.0}, {"timestamp": "2026-04-06T14:16:03.741769", "symbol": "SPY", "price": 657.58, "size": 773, "side": "BUY", "notional": 508309.34}, {"timestamp": "2026-04-06T14:16:05.731449", "symbol": "SPY", "price": 657.53, "size": 650, "side": "SELL", "notional": 427394.5}, {"timestamp": "2026-04-06T14:16:05.731461", "symbol": "SPY", "price": 657.5301, "size": 650, "side": "BUY", "notional": 427394.56}, {"timestamp": "2026-04-06T14:16:05.761272", "symbol": "SPY", "price": 657.56, "size": 2513, "side": "BUY", "notional": 1652448.28}, {"timestamp": "2026-04-06T14:16:06.400642", "symbol": "SPY", "price": 657.56, "size": 500, "side": "BUY", "notional": 328780.0}, {"timestamp": "2026-04-06T14:16:07.922972", "symbol": "SPY", "price": 657.539, "size": 595, "side": "SELL", "notional": 391235.71}, {"timestamp": "2026-04-06T14:16:15.486199", "symbol": "SPY", "price": 657.49, "size": 800, "side": "SELL", "notional": 525992.0}, {"timestamp": "2026-04-06T14:16:15.490259", "symbol": "SPY", "price": 657.49, "size": 920, "side": "SELL", "notional": 604890.8}, {"timestamp": "2026-04-06T14:16:24.879122", "symbol": "SPY", "price": 657.4201, "size": 1960, "side": "SELL", "notional": 1288543.4}, {"timestamp": "2026-04-06T14:16:25.264371", "symbol": "SPY", "price": 657.42, "size": 500, "side": "SELL", "notional": 328710.0}, {"timestamp": "2026-04-06T14:16:38.471357", "symbol": "SPY", "price": 657.48, "size": 2930, "side": "BUY", "notional": 1926416.4}, {"timestamp": "2026-04-06T14:16:39.331814", "symbol": "SPY", "price": 657.4601, "size": 500, "side": "BUY", "notional": 328730.05}, {"timestamp": "2026-04-06T14:16:43.074010", "symbol": "SPY", "price": 657.55, "size": 1485, "side": "BUY", "notional": 976461.75}, {"timestamp": "2026-04-06T14:16:45.199367", "symbol": "SPY", "price": 657.55, "size": 3997, "side": "BUY", "notional": 2628227.35}, {"timestamp": "2026-04-06T14:17:09.745762", "symbol": "SPY", "price": 657.5399, "size": 2000, "side": "BUY", "notional": 1315079.8}, {"timestamp": "2026-04-06T14:17:11.837991", "symbol": "SPY", "price": 657.5899, "size": 1912, "side": "BUY", "notional": 1257311.89}, {"timestamp": "2026-04-06T14:17:22.732281", "symbol": "SPY", "price": 657.6929, "size": 587, "side": "SELL", "notional": 386065.73}, {"timestamp": "2026-04-06T14:17:24.152785", "symbol": "SPY", "price": 657.66, "size": 500, "side": "SELL", "notional": 328830.0}, {"timestamp": "2026-04-06T14:17:24.363483", "symbol": "SPY", "price": 657.69, "size": 1200, "side": "BUY", "notional": 789228.0}, {"timestamp": "2026-04-06T14:17:28.785176", "symbol": "SPY", "price": 657.64, "size": 520, "side": "BUY", "notional": 341972.8}, {"timestamp": "2026-04-06T14:17:28.791433", "symbol": "SPY", "price": 657.6425, "size": 560, "side": "BUY", "notional": 368279.8}, {"timestamp": "2026-04-06T14:17:29.653822", "symbol": "SPY", "price": 657.64, "size": 500, "side": "BUY", "notional": 328820.0}, {"timestamp": "2026-04-06T14:17:36.482056", "symbol": "SPY", "price": 657.65, "size": 2120, "side": "BUY", "notional": 1394218.0}, {"timestamp": "2026-04-06T14:17:45.898286", "symbol": "SPY", "price": 657.7, "size": 500, "side": "BUY", "notional": 328850.0}, {"timestamp": "2026-04-06T14:17:48.918568", "symbol": "SPY", "price": 657.75, "size": 911, "side": "BUY", "notional": 599210.25}, {"timestamp": "2026-04-06T14:17:49.658897", "symbol": "SPY", "price": 657.755, "size": 720, "side": "SELL", "notional": 473583.6}, {"timestamp": "2026-04-06T14:17:52.578445", "symbol": "SPY", "price": 657.72, "size": 520, "side": "SELL", "notional": 342014.4}, {"timestamp": "2026-04-06T14:17:59.160437", "symbol": "SPY", "price": 657.698, "size": 1137, "side": "BUY", "notional": 747802.63}, {"timestamp": "2026-04-06T14:18:01.431607", "symbol": "SPY", "price": 657.76, "size": 655, "side": "BUY", "notional": 430832.8}, {"timestamp": "2026-04-06T14:18:01.917719", "symbol": "SPY", "price": 657.83, "size": 760, "side": "SELL", "notional": 499950.8}, {"timestamp": "2026-04-06T14:18:01.917774", "symbol": "SPY", "price": 657.84, "size": 760, "side": "SELL", "notional": 499958.4}, {"timestamp": "2026-04-06T14:18:02.757383", "symbol": "SPY", "price": 657.9199, "size": 500, "side": "BUY", "notional": 328959.95}, {"timestamp": "2026-04-06T14:18:04.509626", "symbol": "SPY", "price": 657.84, "size": 500, "side": "BUY", "notional": 328920.0}, {"timestamp": "2026-04-06T14:18:05.321777", "symbol": "SPY", "price": 657.81, "size": 622, "side": "BUY", "notional": 409157.82}, {"timestamp": "2026-04-06T14:18:08.803310", "symbol": "SPY", "price": 657.8, "size": 500, "side": "BUY", "notional": 328900.0}, {"timestamp": "2026-04-06T14:18:16.093590", "symbol": "SPY", "price": 657.759, "size": 2000, "side": "BUY", "notional": 1315518.0}, {"timestamp": "2026-04-06T14:18:18.130401", "symbol": "SPY", "price": 657.755, "size": 500, "side": "SELL", "notional": 328877.5}, {"timestamp": "2026-04-06T14:18:21.334976", "symbol": "SPY", "price": 657.79, "size": 513, "side": "SELL", "notional": 337446.27}, {"timestamp": "2026-04-06T14:18:27.350700", "symbol": "SPY", "price": 657.81, "size": 500, "side": "BUY", "notional": 328905.0}, {"timestamp": "2026-04-06T14:18:41.622337", "symbol": "SPY", "price": 657.75, "size": 1310, "side": "SELL", "notional": 861652.5}, {"timestamp": "2026-04-06T14:18:42.144315", "symbol": "SPY", "price": 657.755, "size": 600, "side": "SELL", "notional": 394653.0}, {"timestamp": "2026-04-06T14:18:42.144388", "symbol": "SPY", "price": 657.755, "size": 1239, "side": "SELL", "notional": 814958.44}, {"timestamp": "2026-04-06T14:18:56.050727", "symbol": "SPY", "price": 657.85, "size": 800, "side": "SELL", "notional": 526280.0}, {"timestamp": "2026-04-06T14:18:57.662556", "symbol": "SPY", "price": 657.9, "size": 1000, "side": "BUY", "notional": 657900.0}, {"timestamp": "2026-04-06T14:19:00.161906", "symbol": "SPY", "price": 657.93, "size": 788, "side": "BUY", "notional": 518448.84}, {"timestamp": "2026-04-06T14:19:02.917449", "symbol": "SPY", "price": 658.11, "size": 500, "side": "SELL", "notional": 329055.0}, {"timestamp": "2026-04-06T14:19:03.740058", "symbol": "SPY", "price": 658.03, "size": 870, "side": "SELL", "notional": 572486.1}, {"timestamp": "2026-04-06T14:19:05.030920", "symbol": "SPY", "price": 658.02, "size": 720, "side": "SELL", "notional": 473774.4}, {"timestamp": "2026-04-06T14:19:24.674041", "symbol": "SPY", "price": 657.9, "size": 500, "side": "BUY", "notional": 328950.0}, {"timestamp": "2026-04-06T14:19:40.293997", "symbol": "SPY", "price": 657.8601, "size": 528, "side": "BUY", "notional": 347350.13}, {"timestamp": "2026-04-06T14:19:41.231084", "symbol": "SPY", "price": 657.87, "size": 604, "side": "SELL", "notional": 397353.48}, {"timestamp": "2026-04-06T14:19:42.828449", "symbol": "SPY", "price": 657.96, "size": 560, "side": "SELL", "notional": 368457.6}, {"timestamp": "2026-04-06T14:19:42.828580", "symbol": "SPY", "price": 657.9686, "size": 1187, "side": "SELL", "notional": 781008.73}, {"timestamp": "2026-04-06T14:19:48.082601", "symbol": "SPY", "price": 657.9401, "size": 612, "side": "BUY", "notional": 402659.34}, {"timestamp": "2026-04-06T14:20:01.178573", "symbol": "SPY", "price": 657.86, "size": 3058, "side": "BUY", "notional": 2011735.88}, {"timestamp": "2026-04-06T14:20:02.087097", "symbol": "SPY", "price": 657.89, "size": 500, "side": "BUY", "notional": 328945.0}, {"timestamp": "2026-04-06T14:20:02.128130", "symbol": "SPY", "price": 657.9, "size": 500, "side": "BUY", "notional": 328950.0}, {"timestamp": "2026-04-06T14:20:02.184341", "symbol": "SPY", "price": 657.9, "size": 500, "side": "BUY", "notional": 328950.0}, {"timestamp": "2026-04-06T14:20:02.190763", "symbol": "SPY", "price": 657.91, "size": 1000, "side": "BUY", "notional": 657910.0}, {"timestamp": "2026-04-06T14:20:02.190770", "symbol": "SPY", "price": 657.91, "size": 920, "side": "BUY", "notional": 605277.2}, {"timestamp": "2026-04-06T14:20:02.190809", "symbol": "SPY", "price": 657.91, "size": 500, "side": "SELL", "notional": 328955.0}, {"timestamp": "2026-04-06T14:20:02.190859", "symbol": "SPY", "price": 657.93, "size": 500, "side": "SELL", "notional": 328965.0}, {"timestamp": "2026-04-06T14:20:02.190894", "symbol": "SPY", "price": 657.93, "size": 500, "side": "SELL", "notional": 328965.0}, {"timestamp": "2026-04-06T14:20:02.190914", "symbol": "SPY", "price": 657.93, "size": 1000, "side": "SELL", "notional": 657930.0}, {"timestamp": "2026-04-06T14:20:02.190920", "symbol": "SPY", "price": 657.93, "size": 1000, "side": "SELL", "notional": 657930.0}, {"timestamp": "2026-04-06T14:20:02.191043", "symbol": "SPY", "price": 657.93, "size": 500, "side": "SELL", "notional": 328965.0}, {"timestamp": "2026-04-06T14:20:02.229435", "symbol": "SPY", "price": 657.98, "size": 500, "side": "SELL", "notional": 328990.0}, {"timestamp": "2026-04-06T14:20:02.229492", "symbol": "SPY", "price": 657.98, "size": 500, "side": "SELL", "notional": 328990.0}, {"timestamp": "2026-04-06T14:20:02.229497", "symbol": "SPY", "price": 657.98, "size": 1000, "side": "SELL", "notional": 657980.0}, {"timestamp": "2026-04-06T14:20:02.229508", "symbol": "SPY", "price": 657.98, "size": 500, "side": "SELL", "notional": 328990.0}, {"timestamp": "2026-04-06T14:20:02.248546", "symbol": "SPY", "price": 658.01, "size": 920, "side": "BUY", "notional": 605369.2}, {"timestamp": "2026-04-06T14:20:02.261482", "symbol": "SPY", "price": 658.01, "size": 500, "side": "BUY", "notional": 329005.0}, {"timestamp": "2026-04-06T14:20:02.261494", "symbol": "SPY", "price": 658.01, "size": 500, "side": "BUY", "notional": 329005.0}, {"timestamp": "2026-04-06T14:20:02.261505", "symbol": "SPY", "price": 658.01, "size": 500, "side": "BUY", "notional": 329005.0}, {"timestamp": "2026-04-06T14:20:02.261709", "symbol": "SPY", "price": 657.98, "size": 500, "side": "BUY", "notional": 328990.0}, {"timestamp": "2026-04-06T14:20:02.306047", "symbol": "SPY", "price": 658.0, "size": 500, "side": "BUY", "notional": 329000.0}, {"timestamp": "2026-04-06T14:20:02.369804", "symbol": "SPY", "price": 658.01, "size": 920, "side": "BUY", "notional": 605369.2}, {"timestamp": "2026-04-06T14:20:02.370475", "symbol": "SPY", "price": 658.03, "size": 500, "side": "BUY", "notional": 329015.0}, {"timestamp": "2026-04-06T14:20:02.370511", "symbol": "SPY", "price": 658.03, "size": 500, "side": "BUY", "notional": 329015.0}, {"timestamp": "2026-04-06T14:20:16.608843", "symbol": "SPY", "price": 657.9, "size": 769, "side": "BUY", "notional": 505925.1}, {"timestamp": "2026-04-06T14:20:30.268571", "symbol": "SPY", "price": 657.9499, "size": 500, "side": "BUY", "notional": 328974.95}, {"timestamp": "2026-04-06T14:20:53.008759", "symbol": "SPY", "price": 657.9003, "size": 1000, "side": "SELL", "notional": 657900.3}, {"timestamp": "2026-04-06T14:21:00.682904", "symbol": "SPY", "price": 657.895, "size": 750, "side": "BUY", "notional": 493421.25}, {"timestamp": "2026-04-06T14:21:02.835153", "symbol": "SPY", "price": 657.84, "size": 555, "side": "BUY", "notional": 365101.2}, {"timestamp": "2026-04-06T14:21:04.912549", "symbol": "SPY", "price": 657.8434, "size": 1000, "side": "BUY", "notional": 657843.4}, {"timestamp": "2026-04-06T14:21:34.269750", "symbol": "SPY", "price": 657.96, "size": 500, "side": "BUY", "notional": 328980.0}, {"timestamp": "2026-04-06T14:21:38.696847", "symbol": "SPY", "price": 658.0, "size": 500, "side": "SELL", "notional": 329000.0}, {"timestamp": "2026-04-06T14:21:50.057886", "symbol": "SPY", "price": 658.065, "size": 755, "side": "SELL", "notional": 496839.08}, {"timestamp": "2026-04-06T14:21:50.220736", "symbol": "SPY", "price": 658.08, "size": 500, "side": "SELL", "notional": 329040.0}, {"timestamp": "2026-04-06T14:21:50.252897", "symbol": "SPY", "price": 658.09, "size": 682, "side": "SELL", "notional": 448817.38}, {"timestamp": "2026-04-06T14:21:55.084283", "symbol": "SPY", "price": 658.05, "size": 500, "side": "SELL", "notional": 329025.0}], "last_trade": "BIG SPY @ $658.05 x 500 [SELL]", "trade_count": 308919, "avg_trade_size": 68.16843573881734, "classification_rate": 100.0, "last_stock_update": "14:21:56", "last_option_update": "14:21:58", "stock_events": 308919, "option_events": 727391, "candles": [{"timestamp": "2026-04-06T04:00:00.130022", "open": 656.07, "high": 657.5, "low": 656.07, "close": 657.39, "volume": 5984}, {"timestamp": "2026-04-06T04:01:01.306829", "open": 657.07, "high": 657.5, "low": 654.89, "close": 657.34, "volume": 10383}, {"timestamp": "2026-04-06T04:02:19.365328", "open": 657.45, "high": 657.53, "low": 654.87, "close": 657.45, "volume": 41064}, {"timestamp": "2026-04-06T04:03:23.033568", "open": 657.47, "high": 657.7, "low": 657.47, "close": 657.62, "volume": 4191}, {"timestamp": "2026-04-06T04:04:28.256268", "open": 657.67, "high": 657.74, "low": 657.66, "close": 657.69, "volume": 6846}, {"timestamp": "2026-04-06T04:05:29.554204", "open": 657.63, "high": 657.63, "low": 657.48, "close": 657.48, "volume": 12681}, {"timestamp": "2026-04-06T04:06:31.933272", "open": 657.51, "high": 657.51, "low": 657.2846, "close": 657.31, "volume": 1479}, {"timestamp": "2026-04-06T04:07:32.609130", "open": 657.32, "high": 657.43, "low": 657.24, "close": 657.43, "volume": 2466}, {"timestamp": "2026-04-06T04:08:48.566361", "open": 657.42, "high": 657.53, "low": 657.41, "close": 657.43, "volume": 770}, {"timestamp": "2026-04-06T04:10:01.937203", "open": 657.48, "high": 657.49, "low": 657.4, "close": 657.42, "volume": 122}, {"timestamp": "2026-04-06T09:37:12.145721", "open": 655.99, "high": 656.7835, "low": 655.52, "close": 656.01, "volume": 196490}, {"timestamp": "2026-04-06T09:38:12.154119", "open": 656.0, "high": 656.7086, "low": 655.77, "close": 656.623, "volume": 107555}, {"timestamp": "2026-04-06T09:39:12.194529", "open": 656.69, "high": 656.7695, "low": 655.89, "close": 655.96, "volume": 173496}, {"timestamp": "2026-04-06T09:40:12.234844", "open": 655.97, "high": 657.1, "low": 655.97, "close": 656.67, "volume": 136483}, {"timestamp": "2026-04-06T09:41:12.646854", "open": 656.65, "high": 656.99, "low": 656.173, "close": 656.71, "volume": 92923}, {"timestamp": "2026-04-06T09:42:12.818933", "open": 656.725, "high": 657.23, "low": 656.2935, "close": 657.14, "volume": 87886}, {"timestamp": "2026-04-06T09:43:12.929752", "open": 657.14, "high": 657.29, "low": 656.5401, "close": 657.02, "volume": 107796}, {"timestamp": "2026-04-06T09:44:13.101976", "open": 657.02, "high": 657.1, "low": 656.6, "close": 657.055, "volume": 148238}, {"timestamp": "2026-04-06T09:45:13.136420", "open": 657.09, "high": 657.63, "low": 656.7933, "close": 657.52, "volume": 152977}, {"timestamp": "2026-04-06T09:46:13.147440", "open": 657.51, "high": 657.85, "low": 656.6, "close": 657.1, "volume": 154383}, {"timestamp": "2026-04-06T09:47:13.243846", "open": 657.16, "high": 657.473, "low": 656.89, "close": 657.12, "volume": 78501}, {"timestamp": "2026-04-06T09:48:13.270680", "open": 657.13, "high": 657.55, "low": 656.95, "close": 657.5499, "volume": 119388}, {"timestamp": "2026-04-06T09:49:13.286902", "open": 657.525, "high": 657.55, "low": 656.98, "close": 657.0499, "volume": 151848}, {"timestamp": "2026-04-06T09:50:13.290648", "open": 657.0499, "high": 657.4999, "low": 656.85, "close": 657.485, "volume": 122517}, {"timestamp": "2026-04-06T09:51:13.313835", "open": 657.49, "high": 657.96, "low": 657.2666, "close": 657.61, "volume": 160597}, {"timestamp": "2026-04-06T09:52:13.332548", "open": 657.61, "high": 657.95, "low": 657.22, "close": 657.385, "volume": 141545}, {"timestamp": "2026-04-06T09:53:13.434329", "open": 657.38, "high": 657.86, "low": 657.3714, "close": 657.845, "volume": 126285}, {"timestamp": "2026-04-06T09:54:13.693302", "open": 657.86, "high": 657.94, "low": 657.4484, "close": 657.71, "volume": 115056}, {"timestamp": "2026-04-06T09:55:13.822562", "open": 657.71, "high": 657.74, "low": 657.28, "close": 657.34, "volume": 79500}, {"timestamp": "2026-04-06T09:56:13.842211", "open": 657.6315, "high": 658.0, "low": 657.3597, "close": 657.945, "volume": 104935}, {"timestamp": "2026-04-06T09:57:13.953826", "open": 657.9301, "high": 658.13, "low": 657.6565, "close": 657.89, "volume": 95020}, {"timestamp": "2026-04-06T09:58:14.000931", "open": 657.875, "high": 658.04, "low": 657.63, "close": 657.96, "volume": 133779}, {"timestamp": "2026-04-06T09:59:14.010933", "open": 657.95, "high": 658.56, "low": 657.53, "close": 658.155, "volume": 275941}, {"timestamp": "2026-04-06T10:00:14.021790", "open": 658.215, "high": 659.72, "low": 657.8849, "close": 658.165, "volume": 372804}, {"timestamp": "2026-04-06T10:01:14.035173", "open": 658.14, "high": 658.7707, "low": 657.72, "close": 658.02, "volume": 173297}, {"timestamp": "2026-04-06T10:02:14.090881", "open": 658.01, "high": 658.5148, "low": 657.6, "close": 657.93, "volume": 377068}, {"timestamp": "2026-04-06T10:03:14.107805", "open": 657.92, "high": 658.3045, "low": 657.11, "close": 657.18, "volume": 229940}, {"timestamp": "2026-04-06T10:04:14.137764", "open": 657.1765, "high": 658.2298, "low": 656.33, "close": 656.6, "volume": 389341}, {"timestamp": "2026-04-06T10:05:14.160797", "open": 656.6, "high": 657.9238, "low": 655.6, "close": 656.23, "volume": 279967}, {"timestamp": "2026-04-06T10:07:32.430960", "open": 656.23, "high": 657.2902, "low": 656.03, "close": 656.5, "volume": 515512}, {"timestamp": "2026-04-06T10:08:32.516426", "open": 656.505, "high": 657.06, "low": 656.505, "close": 657.05, "volume": 196750}, {"timestamp": "2026-04-06T10:09:32.526292", "open": 657.05, "high": 657.35, "low": 656.49, "close": 656.52, "volume": 211952}, {"timestamp": "2026-04-06T10:10:32.533862", "open": 656.52, "high": 656.9281, "low": 656.42, "close": 656.9, "volume": 220828}, {"timestamp": "2026-04-06T10:11:32.624269", "open": 656.89, "high": 657.59, "low": 656.6888, "close": 657.56, "volume": 222521}, {"timestamp": "2026-04-06T10:12:32.655108", "open": 657.56, "high": 657.66, "low": 656.8302, "close": 657.37, "volume": 162044}, {"timestamp": "2026-04-06T10:13:32.661137", "open": 657.37, "high": 658.08, "low": 656.784, "close": 657.895, "volume": 219625}, {"timestamp": "2026-04-06T10:14:32.884677", "open": 657.905, "high": 658.355, "low": 657.215, "close": 658.18, "volume": 172016}, {"timestamp": "2026-04-06T10:15:32.939603", "open": 658.21, "high": 658.54, "low": 657.4651, "close": 658.25, "volume": 219368}, {"timestamp": "2026-04-06T10:16:33.141156", "open": 658.26, "high": 658.29, "low": 657.8003, "close": 658.07, "volume": 336767}, {"timestamp": "2026-04-06T10:17:33.144688", "open": 658.07, "high": 658.1571, "low": 657.62, "close": 657.6601, "volume": 154310}, {"timestamp": "2026-04-06T10:18:33.246381", "open": 657.68, "high": 658.29, "low": 657.58, "close": 658.24, "volume": 218787}, {"timestamp": "2026-04-06T10:19:33.529653", "open": 658.2307, "high": 658.63, "low": 658.0249, "close": 658.3051, "volume": 204202}, {"timestamp": "2026-04-06T10:20:33.712385", "open": 658.305, "high": 658.76, "low": 658.1361, "close": 658.53, "volume": 164254}, {"timestamp": "2026-04-06T10:21:33.902745", "open": 658.5599, "high": 658.98, "low": 658.1607, "close": 658.665, "volume": 125630}, {"timestamp": "2026-04-06T10:22:33.949441", "open": 658.65, "high": 658.74, "low": 658.2815, "close": 658.735, "volume": 96330}, {"timestamp": "2026-04-06T10:23:34.172262", "open": 658.74, "high": 658.88, "low": 658.2495, "close": 658.67, "volume": 101708}, {"timestamp": "2026-04-06T10:24:34.263636", "open": 658.67, "high": 658.75, "low": 658.51, "close": 658.6176, "volume": 82152}, {"timestamp": "2026-04-06T10:47:23.557079", "open": 657.17, "high": 657.5249, "low": 657.12, "close": 657.23, "volume": 56176}, {"timestamp": "2026-04-06T10:48:23.944061", "open": 657.23, "high": 657.4541, "low": 656.65, "close": 656.73, "volume": 66152}, {"timestamp": "2026-04-06T10:49:24.018493", "open": 656.725, "high": 657.2683, "low": 656.62, "close": 657.08, "volume": 111744}, {"timestamp": "2026-04-06T10:50:24.064584", "open": 657.08, "high": 657.25, "low": 656.76, "close": 657.12, "volume": 102471}, {"timestamp": "2026-04-06T10:51:24.299637", "open": 657.12, "high": 657.4, "low": 656.8391, "close": 657.2904, "volume": 71288}, {"timestamp": "2026-04-06T10:52:24.308274", "open": 657.3001, "high": 657.6, "low": 656.9998, "close": 657.45, "volume": 72594}, {"timestamp": "2026-04-06T10:53:24.341763", "open": 657.43, "high": 657.48, "low": 656.95, "close": 657.045, "volume": 90963}, {"timestamp": "2026-04-06T10:54:24.770333", "open": 657.04, "high": 657.49, "low": 656.99, "close": 657.095, "volume": 64294}, {"timestamp": "2026-04-06T10:55:24.883078", "open": 657.15, "high": 657.6, "low": 657.07, "close": 657.47, "volume": 39861}, {"timestamp": "2026-04-06T10:56:24.919421", "open": 657.45, "high": 657.9, "low": 657.2693, "close": 657.6909, "volume": 100020}, {"timestamp": "2026-04-06T10:57:25.406848", "open": 657.72, "high": 657.86, "low": 657.3791, "close": 657.7, "volume": 74488}, {"timestamp": "2026-04-06T10:58:25.523353", "open": 657.685, "high": 657.91, "low": 657.4493, "close": 657.61, "volume": 45057}, {"timestamp": "2026-04-06T10:59:25.671433", "open": 657.6001, "high": 657.7096, "low": 657.36, "close": 657.61, "volume": 47665}, {"timestamp": "2026-04-06T11:00:25.705792", "open": 657.6, "high": 657.8399, "low": 657.5639, "close": 657.6795, "volume": 53679}, {"timestamp": "2026-04-06T11:01:25.918174", "open": 657.765, "high": 658.04, "low": 657.6802, "close": 657.9, "volume": 57635}, {"timestamp": "2026-04-06T11:02:26.076647", "open": 657.918, "high": 657.918, "low": 657.09, "close": 657.19, "volume": 101409}, {"timestamp": "2026-04-06T11:03:26.303814", "open": 657.19, "high": 657.6585, "low": 657.14, "close": 657.22, "volume": 22047}, {"timestamp": "2026-04-06T11:07:48.861857", "open": 657.6201, "high": 657.84, "low": 657.3838, "close": 657.6801, "volume": 26436}, {"timestamp": "2026-04-06T11:08:48.879390", "open": 657.6738, "high": 657.82, "low": 657.4276, "close": 657.71, "volume": 241949}, {"timestamp": "2026-04-06T11:09:48.935894", "open": 657.715, "high": 657.75, "low": 657.23, "close": 657.5523, "volume": 64469}, {"timestamp": "2026-04-06T11:10:49.066308", "open": 657.45, "high": 657.58, "low": 657.12, "close": 657.3499, "volume": 82312}, {"timestamp": "2026-04-06T11:11:49.195756", "open": 657.35, "high": 657.5605, "low": 657.09, "close": 657.1913, "volume": 28424}, {"timestamp": "2026-04-06T11:12:49.515440", "open": 657.21, "high": 657.6692, "low": 657.13, "close": 657.5148, "volume": 68912}, {"timestamp": "2026-04-06T11:13:49.642209", "open": 657.54, "high": 657.54, "low": 657.04, "close": 657.37, "volume": 61390}, {"timestamp": "2026-04-06T11:14:50.459102", "open": 657.36, "high": 657.65, "low": 657.2691, "close": 657.2701, "volume": 38102}, {"timestamp": "2026-04-06T11:15:50.627280", "open": 657.29, "high": 657.4802, "low": 657.13, "close": 657.215, "volume": 36672}, {"timestamp": "2026-04-06T11:16:54.210275", "open": 657.215, "high": 657.7096, "low": 657.1801, "close": 657.3927, "volume": 54471}, {"timestamp": "2026-04-06T11:17:54.413389", "open": 657.64, "high": 657.71, "low": 657.3884, "close": 657.47, "volume": 46744}, {"timestamp": "2026-04-06T11:18:54.436224", "open": 657.4799, "high": 657.51, "low": 657.19, "close": 657.34, "volume": 43673}, {"timestamp": "2026-04-06T11:19:54.650315", "open": 657.3238, "high": 657.48, "low": 657.16, "close": 657.21, "volume": 50169}, {"timestamp": "2026-04-06T11:20:54.899276", "open": 657.18, "high": 657.4153, "low": 657.07, "close": 657.37, "volume": 34217}, {"timestamp": "2026-04-06T11:21:55.183497", "open": 657.36, "high": 657.57, "low": 657.2872, "close": 657.41, "volume": 31090}, {"timestamp": "2026-04-06T11:22:55.401458", "open": 657.41, "high": 657.49, "low": 657.01, "close": 657.115, "volume": 35817}, {"timestamp": "2026-04-06T11:23:55.415999", "open": 657.115, "high": 657.2927, "low": 656.91, "close": 657.045, "volume": 55921}, {"timestamp": "2026-04-06T11:24:55.524282", "open": 657.03, "high": 657.2216, "low": 656.66, "close": 656.79, "volume": 64447}, {"timestamp": "2026-04-06T11:25:55.811841", "open": 656.8, "high": 657.2234, "low": 656.8, "close": 656.93, "volume": 69132}, {"timestamp": "2026-04-06T11:26:55.858723", "open": 657.0311, "high": 657.2, "low": 656.88, "close": 657.17, "volume": 39871}, {"timestamp": "2026-04-06T11:27:55.997365", "open": 657.15, "high": 657.15, "low": 656.78, "close": 656.95, "volume": 46331}, {"timestamp": "2026-04-06T11:28:56.175274", "open": 656.97, "high": 657.195, "low": 656.9112, "close": 656.955, "volume": 20413}, {"timestamp": "2026-04-06T11:29:56.184297", "open": 656.9699, "high": 657.0, "low": 656.85, "close": 656.92, "volume": 26149}, {"timestamp": "2026-04-06T11:30:56.186934", "open": 656.92, "high": 657.065, "low": 656.81, "close": 656.88, "volume": 66796}, {"timestamp": "2026-04-06T11:31:56.505931", "open": 656.8803, "high": 656.98, "low": 656.59, "close": 656.68, "volume": 52584}, {"timestamp": "2026-04-06T11:32:56.515332", "open": 656.68, "high": 656.8945, "low": 656.37, "close": 656.8, "volume": 109443}, {"timestamp": "2026-04-06T11:33:56.797469", "open": 656.7874, "high": 656.95, "low": 656.7145, "close": 656.88, "volume": 36869}, {"timestamp": "2026-04-06T11:34:56.819792", "open": 656.87, "high": 657.13, "low": 656.75, "close": 657.02, "volume": 51364}, {"timestamp": "2026-04-06T11:35:56.984490", "open": 657.0076, "high": 657.04, "low": 656.58, "close": 656.752, "volume": 76932}, {"timestamp": "2026-04-06T11:36:57.086241", "open": 656.625, "high": 656.7502, "low": 656.33, "close": 656.4398, "volume": 51804}, {"timestamp": "2026-04-06T11:37:57.229385", "open": 656.55, "high": 656.8, "low": 656.4926, "close": 656.67, "volume": 56197}, {"timestamp": "2026-04-06T11:38:57.405853", "open": 656.7367, "high": 657.06, "low": 656.66, "close": 656.98, "volume": 64123}, {"timestamp": "2026-04-06T11:39:57.748459", "open": 656.975, "high": 657.14, "low": 656.742, "close": 657.025, "volume": 57296}, {"timestamp": "2026-04-06T11:40:57.832128", "open": 657.03, "high": 657.07, "low": 656.7, "close": 656.88, "volume": 34851}, {"timestamp": "2026-04-06T11:41:57.837197", "open": 656.89, "high": 657.2099, "low": 656.7683, "close": 657.1303, "volume": 39634}, {"timestamp": "2026-04-06T11:42:58.264624", "open": 657.15, "high": 657.16, "low": 656.8924, "close": 657.025, "volume": 21854}, {"timestamp": "2026-04-06T11:43:58.294314", "open": 657.03, "high": 657.18, "low": 656.89, "close": 657.135, "volume": 24236}, {"timestamp": "2026-04-06T11:44:58.326725", "open": 657.1313, "high": 657.15, "low": 656.925, "close": 657.02, "volume": 34397}, {"timestamp": "2026-04-06T11:45:58.402617", "open": 657.025, "high": 657.35, "low": 657.006, "close": 657.3068, "volume": 54816}, {"timestamp": "2026-04-06T11:46:58.939899", "open": 657.31, "high": 657.55, "low": 657.1153, "close": 657.55, "volume": 16070}, {"timestamp": "2026-04-06T11:56:24.715407", "open": 657.58, "high": 657.796, "low": 657.46, "close": 657.61, "volume": 41518}, {"timestamp": "2026-04-06T11:57:24.773051", "open": 657.6, "high": 657.82, "low": 657.56, "close": 657.73, "volume": 42877}, {"timestamp": "2026-04-06T11:58:24.893348", "open": 657.754, "high": 657.9, "low": 657.66, "close": 657.76, "volume": 68545}, {"timestamp": "2026-04-06T11:59:25.014052", "open": 657.76, "high": 658.04, "low": 657.7489, "close": 657.9767, "volume": 88855}, {"timestamp": "2026-04-06T12:00:25.046675", "open": 657.98, "high": 658.01, "low": 657.78, "close": 657.9026, "volume": 49540}, {"timestamp": "2026-04-06T12:01:25.235735", "open": 657.91, "high": 657.96, "low": 657.64, "close": 657.72, "volume": 74312}, {"timestamp": "2026-04-06T12:02:25.672068", "open": 657.6904, "high": 657.8377, "low": 657.4, "close": 657.6466, "volume": 111331}, {"timestamp": "2026-04-06T12:03:25.682295", "open": 657.65, "high": 657.7807, "low": 657.5401, "close": 657.64, "volume": 79292}, {"timestamp": "2026-04-06T12:04:25.811965", "open": 657.6499, "high": 657.7603, "low": 657.42, "close": 657.48, "volume": 60448}, {"timestamp": "2026-04-06T12:05:26.107957", "open": 657.48, "high": 657.75, "low": 657.48, "close": 657.73, "volume": 34970}, {"timestamp": "2026-04-06T12:06:26.303235", "open": 657.735, "high": 657.7383, "low": 657.48, "close": 657.62, "volume": 27628}, {"timestamp": "2026-04-06T12:07:26.367164", "open": 657.61, "high": 657.65, "low": 657.44, "close": 657.46, "volume": 21778}, {"timestamp": "2026-04-06T12:08:26.416171", "open": 657.45, "high": 657.5685, "low": 657.31, "close": 657.4, "volume": 28745}, {"timestamp": "2026-04-06T12:09:27.529530", "open": 657.4, "high": 657.5467, "low": 657.2, "close": 657.325, "volume": 24283}, {"timestamp": "2026-04-06T12:10:27.608783", "open": 657.325, "high": 657.5137, "low": 657.26, "close": 657.35, "volume": 17591}, {"timestamp": "2026-04-06T12:11:27.924231", "open": 657.34, "high": 657.63, "low": 657.29, "close": 657.43, "volume": 36611}, {"timestamp": "2026-04-06T12:12:28.011572", "open": 657.4001, "high": 657.6, "low": 657.4, "close": 657.49, "volume": 22993}, {"timestamp": "2026-04-06T12:13:28.279444", "open": 657.4899, "high": 657.58, "low": 657.41, "close": 657.46, "volume": 14310}, {"timestamp": "2026-04-06T12:14:28.294670", "open": 657.4377, "high": 657.82, "low": 657.4358, "close": 657.65, "volume": 31307}, {"timestamp": "2026-04-06T12:15:28.503699", "open": 657.65, "high": 657.6922, "low": 657.41, "close": 657.44, "volume": 28507}, {"timestamp": "2026-04-06T12:16:28.767964", "open": 657.46, "high": 657.6999, "low": 657.4481, "close": 657.595, "volume": 17290}, {"timestamp": "2026-04-06T12:17:29.178653", "open": 657.59, "high": 657.66, "low": 657.5, "close": 657.53, "volume": 21390}, {"timestamp": "2026-04-06T12:18:29.286658", "open": 657.53, "high": 657.71, "low": 657.53, "close": 657.695, "volume": 26959}, {"timestamp": "2026-04-06T12:19:29.614873", "open": 657.69, "high": 657.71, "low": 657.47, "close": 657.5, "volume": 23768}, {"timestamp": "2026-04-06T12:20:29.675960", "open": 657.5, "high": 657.82, "low": 657.495, "close": 657.82, "volume": 34564}, {"timestamp": "2026-04-06T12:21:29.730511", "open": 657.81, "high": 657.9, "low": 657.6, "close": 657.61, "volume": 48737}, {"timestamp": "2026-04-06T12:22:29.790637", "open": 657.6777, "high": 657.72, "low": 657.41, "close": 657.45, "volume": 42222}, {"timestamp": "2026-04-06T12:23:30.172982", "open": 657.45, "high": 657.78, "low": 657.42, "close": 657.77, "volume": 38227}, {"timestamp": "2026-04-06T12:24:30.228401", "open": 657.77, "high": 657.86, "low": 657.656, "close": 657.828, "volume": 35493}, {"timestamp": "2026-04-06T12:25:30.293808", "open": 657.82, "high": 657.88, "low": 657.6733, "close": 657.815, "volume": 41055}, {"timestamp": "2026-04-06T12:26:30.314392", "open": 657.815, "high": 657.83, "low": 657.66, "close": 657.71, "volume": 13713}, {"timestamp": "2026-04-06T12:27:30.462256", "open": 657.7179, "high": 657.82, "low": 657.63, "close": 657.75, "volume": 20318}, {"timestamp": "2026-04-06T12:28:30.576406", "open": 657.76, "high": 658.01, "low": 657.7268, "close": 657.85, "volume": 18425}, {"timestamp": "2026-04-06T12:29:30.711997", "open": 657.86, "high": 657.8979, "low": 657.66, "close": 657.779, "volume": 17540}, {"timestamp": "2026-04-06T12:30:30.820648", "open": 657.7701, "high": 657.81, "low": 657.58, "close": 657.75, "volume": 35978}, {"timestamp": "2026-04-06T12:31:31.073488", "open": 657.7422, "high": 657.94, "low": 657.68, "close": 657.85, "volume": 22820}, {"timestamp": "2026-04-06T12:32:31.659997", "open": 657.84, "high": 658.07, "low": 657.7669, "close": 657.96, "volume": 35678}, {"timestamp": "2026-04-06T12:33:31.860454", "open": 657.96, "high": 657.96, "low": 657.79, "close": 657.93, "volume": 39904}, {"timestamp": "2026-04-06T12:34:31.946035", "open": 657.94, "high": 658.05, "low": 657.8285, "close": 657.99, "volume": 30873}, {"timestamp": "2026-04-06T12:35:32.595350", "open": 657.995, "high": 658.14, "low": 657.8679, "close": 657.97, "volume": 39858}, {"timestamp": "2026-04-06T12:36:32.721892", "open": 658.045438, "high": 658.28, "low": 657.9, "close": 658.27, "volume": 55205}, {"timestamp": "2026-04-06T12:37:32.758906", "open": 658.28, "high": 658.53, "low": 657.999, "close": 658.38, "volume": 97837}, {"timestamp": "2026-04-06T12:38:32.769740", "open": 658.4, "high": 658.45, "low": 658.1385, "close": 658.18, "volume": 88598}, {"timestamp": "2026-04-06T12:39:32.799932", "open": 658.19, "high": 658.2263, "low": 657.93, "close": 658.08, "volume": 84960}, {"timestamp": "2026-04-06T12:40:32.891119", "open": 658.07, "high": 658.209, "low": 658.04, "close": 658.12, "volume": 63671}, {"timestamp": "2026-04-06T12:41:32.957855", "open": 658.1196, "high": 658.34, "low": 658.0946, "close": 658.2, "volume": 30249}, {"timestamp": "2026-04-06T12:42:33.117523", "open": 658.2, "high": 658.247, "low": 658.09, "close": 658.11, "volume": 22351}, {"timestamp": "2026-04-06T12:43:33.295265", "open": 658.12, "high": 658.33, "low": 658.08, "close": 658.315, "volume": 37251}, {"timestamp": "2026-04-06T12:44:33.494272", "open": 658.3205, "high": 658.35, "low": 658.1434, "close": 658.2501, "volume": 26038}, {"timestamp": "2026-04-06T12:45:33.498053", "open": 658.2301, "high": 658.2836, "low": 658.14, "close": 658.26, "volume": 28228}, {"timestamp": "2026-04-06T12:46:33.750000", "open": 658.27, "high": 658.45, "low": 658.2225, "close": 658.3083, "volume": 26240}, {"timestamp": "2026-04-06T12:47:33.770136", "open": 658.3099, "high": 658.45, "low": 658.2456, "close": 658.41, "volume": 104937}, {"timestamp": "2026-04-06T12:48:33.902214", "open": 658.385, "high": 658.46, "low": 658.2501, "close": 658.345, "volume": 30451}, {"timestamp": "2026-04-06T12:49:33.987575", "open": 658.35, "high": 658.47, "low": 658.31, "close": 658.42, "volume": 23076}, {"timestamp": "2026-04-06T12:50:33.989417", "open": 658.42, "high": 658.44, "low": 658.17, "close": 658.3542, "volume": 33560}, {"timestamp": "2026-04-06T12:51:34.035480", "open": 658.185, "high": 658.3536, "low": 658.02, "close": 658.13, "volume": 64221}, {"timestamp": "2026-04-06T12:52:34.049326", "open": 658.1212, "high": 658.2909, "low": 658.05, "close": 658.115, "volume": 14248}, {"timestamp": "2026-04-06T12:53:34.213124", "open": 658.11, "high": 658.1998, "low": 656.88, "close": 658.045, "volume": 235989}, {"timestamp": "2026-04-06T12:54:34.480905", "open": 658.045, "high": 658.13, "low": 657.75, "close": 657.865, "volume": 109215}, {"timestamp": "2026-04-06T12:55:34.689196", "open": 657.8856, "high": 658.1069, "low": 657.63, "close": 657.8199, "volume": 56051}, {"timestamp": "2026-04-06T12:56:35.014756", "open": 657.82, "high": 657.9706, "low": 657.62, "close": 657.88, "volume": 52620}, {"timestamp": "2026-04-06T12:57:35.095187", "open": 657.87, "high": 657.9361, "low": 657.705, "close": 657.9099, "volume": 21456}, {"timestamp": "2026-04-06T12:58:35.101628", "open": 657.9236, "high": 658.0, "low": 657.8, "close": 657.93, "volume": 32431}, {"timestamp": "2026-04-06T12:59:35.672636", "open": 657.95, "high": 658.01, "low": 657.7201, "close": 657.7201, "volume": 52950}, {"timestamp": "2026-04-06T13:00:36.129700", "open": 657.7201, "high": 657.833, "low": 657.55, "close": 657.645, "volume": 67262}, {"timestamp": "2026-04-06T13:01:36.459053", "open": 657.655, "high": 657.7923, "low": 657.11, "close": 657.15, "volume": 90303}, {"timestamp": "2026-04-06T13:02:36.516381", "open": 657.15, "high": 657.622, "low": 656.81, "close": 657.09, "volume": 117243}, {"timestamp": "2026-04-06T13:03:36.651499", "open": 657.09, "high": 657.51, "low": 656.9951, "close": 657.5, "volume": 92703}, {"timestamp": "2026-04-06T13:04:36.776747", "open": 657.48, "high": 657.49, "low": 657.1176, "close": 657.29, "volume": 50098}, {"timestamp": "2026-04-06T13:05:37.048994", "open": 657.285, "high": 657.34, "low": 657.09, "close": 657.1, "volume": 69535}, {"timestamp": "2026-04-06T13:06:37.237145", "open": 657.09, "high": 657.18, "low": 656.92, "close": 657.14, "volume": 65418}, {"timestamp": "2026-04-06T13:07:37.779102", "open": 657.135, "high": 657.4575, "low": 657.09, "close": 657.415, "volume": 35589}, {"timestamp": "2026-04-06T13:08:38.601244", "open": 657.415, "high": 657.49, "low": 657.1808, "close": 657.41, "volume": 39855}, {"timestamp": "2026-04-06T13:09:38.604514", "open": 657.4, "high": 657.42, "low": 657.06, "close": 657.16, "volume": 80884}, {"timestamp": "2026-04-06T13:10:38.649915", "open": 657.17, "high": 657.2, "low": 656.66, "close": 656.87, "volume": 129658}, {"timestamp": "2026-04-06T13:11:38.670275", "open": 656.86, "high": 657.1117, "low": 656.57, "close": 656.615, "volume": 81966}, {"timestamp": "2026-04-06T13:12:38.682551", "open": 656.62, "high": 656.9574, "low": 655.66, "close": 655.68, "volume": 208735}, {"timestamp": "2026-04-06T13:13:38.687361", "open": 655.68, "high": 656.6302, "low": 655.52, "close": 656.03, "volume": 215466}, {"timestamp": "2026-04-06T13:14:38.690971", "open": 656.015, "high": 656.5919, "low": 655.83, "close": 656.08, "volume": 140677}, {"timestamp": "2026-04-06T13:15:38.831605", "open": 656.09, "high": 656.2027, "low": 655.93, "close": 656.03, "volume": 61299}, {"timestamp": "2026-04-06T13:16:38.959344", "open": 656.02, "high": 656.76, "low": 656.02, "close": 656.635, "volume": 79232}, {"timestamp": "2026-04-06T13:17:39.089643", "open": 656.64, "high": 656.65, "low": 656.01, "close": 656.265, "volume": 85705}, {"timestamp": "2026-04-06T13:18:39.347880", "open": 656.1137, "high": 656.53, "low": 656.1137, "close": 656.48, "volume": 36874}, {"timestamp": "2026-04-06T13:19:39.412526", "open": 656.465, "high": 656.56, "low": 656.2819, "close": 656.41, "volume": 43517}, {"timestamp": "2026-04-06T13:20:39.700273", "open": 656.41, "high": 656.41, "low": 656.031, "close": 656.37, "volume": 45934}, {"timestamp": "2026-04-06T13:21:39.850198", "open": 656.37, "high": 656.719, "low": 656.3, "close": 656.6901, "volume": 55622}, {"timestamp": "2026-04-06T13:22:39.896692", "open": 656.705, "high": 657.15, "low": 656.3328, "close": 657.075, "volume": 97914}, {"timestamp": "2026-04-06T13:23:40.426485", "open": 657.08, "high": 657.24, "low": 656.5861, "close": 657.14, "volume": 56370}, {"timestamp": "2026-04-06T13:24:40.805503", "open": 657.13, "high": 657.39, "low": 656.4417, "close": 657.09, "volume": 69843}, {"timestamp": "2026-04-06T13:25:41.169036", "open": 657.11, "high": 657.3, "low": 656.843, "close": 657.0, "volume": 52239}, {"timestamp": "2026-04-06T13:26:41.175813", "open": 657.0, "high": 657.48, "low": 656.9806, "close": 657.34, "volume": 48946}, {"timestamp": "2026-04-06T13:27:41.211850", "open": 657.35, "high": 657.37, "low": 657.1281, "close": 657.2527, "volume": 69207}, {"timestamp": "2026-04-06T13:28:41.978148", "open": 657.25, "high": 657.57, "low": 657.2205, "close": 657.47, "volume": 55390}, {"timestamp": "2026-04-06T13:29:42.928005", "open": 657.48, "high": 657.48, "low": 656.987, "close": 657.275, "volume": 29010}, {"timestamp": "2026-04-06T13:30:43.043612", "open": 657.26, "high": 657.54, "low": 657.0977, "close": 657.51, "volume": 43497}, {"timestamp": "2026-04-06T13:31:43.394828", "open": 657.505, "high": 657.75, "low": 657.3529, "close": 657.53, "volume": 70789}, {"timestamp": "2026-04-06T13:32:43.397512", "open": 657.53, "high": 657.56, "low": 657.2741, "close": 657.33, "volume": 46431}, {"timestamp": "2026-04-06T13:33:43.407965", "open": 657.31, "high": 658.01, "low": 657.22, "close": 657.81, "volume": 122667}, {"timestamp": "2026-04-06T13:34:43.417473", "open": 657.83, "high": 657.84, "low": 657.34, "close": 657.513, "volume": 84714}, {"timestamp": "2026-04-06T13:35:43.440360", "open": 657.445, "high": 657.67, "low": 657.39, "close": 657.5368, "volume": 29589}, {"timestamp": "2026-04-06T13:36:43.915937", "open": 657.66, "high": 657.71, "low": 657.45, "close": 657.46, "volume": 21277}, {"timestamp": "2026-04-06T13:37:44.087840", "open": 657.45, "high": 683.39, "low": 657.07, "close": 657.275, "volume": 64628}, {"timestamp": "2026-04-06T13:38:44.197660", "open": 657.4548, "high": 657.4612, "low": 657.06, "close": 657.1405, "volume": 36667}, {"timestamp": "2026-04-06T13:39:44.363190", "open": 657.131, "high": 657.3867, "low": 657.03, "close": 657.07, "volume": 35697}, {"timestamp": "2026-04-06T13:40:44.511566", "open": 657.04, "high": 657.4067, "low": 656.95, "close": 657.02, "volume": 76453}, {"timestamp": "2026-04-06T13:41:44.824291", "open": 657.01, "high": 657.179, "low": 656.88, "close": 656.9394, "volume": 58522}, {"timestamp": "2026-04-06T13:42:45.394878", "open": 656.93, "high": 657.1182, "low": 656.805, "close": 656.964, "volume": 58672}, {"timestamp": "2026-04-06T13:43:45.570841", "open": 656.97, "high": 657.0351, "low": 656.01, "close": 657.0, "volume": 34368}, {"timestamp": "2026-04-06T13:45:21.030051", "open": 657.06, "high": 657.131, "low": 656.881, "close": 656.98, "volume": 38950}, {"timestamp": "2026-04-06T13:46:21.036054", "open": 656.98, "high": 656.985, "low": 656.67, "close": 656.7, "volume": 74929}, {"timestamp": "2026-04-06T13:47:21.582424", "open": 656.69, "high": 656.9175, "low": 656.62, "close": 656.69, "volume": 23297}, {"timestamp": "2026-04-06T13:48:24.445463", "open": 656.8882, "high": 656.9404, "low": 656.6015, "close": 656.805, "volume": 35509}, {"timestamp": "2026-04-06T13:49:24.540544", "open": 656.82, "high": 656.9226, "low": 656.605, "close": 656.74, "volume": 1020767}, {"timestamp": "2026-04-06T13:50:24.785236", "open": 656.7995, "high": 656.9868, "low": 656.62, "close": 656.63, "volume": 80825}, {"timestamp": "2026-04-06T13:51:24.822635", "open": 656.6299, "high": 656.89, "low": 656.6, "close": 656.85, "volume": 38756}, {"timestamp": "2026-04-06T13:52:24.851203", "open": 656.85, "high": 656.98, "low": 656.71, "close": 656.7775, "volume": 58732}, {"timestamp": "2026-04-06T13:53:25.218472", "open": 656.76, "high": 656.8218, "low": 656.48, "close": 656.49, "volume": 32533}, {"timestamp": "2026-04-06T13:54:25.254189", "open": 656.48, "high": 656.7543, "low": 656.45, "close": 656.635, "volume": 51807}, {"timestamp": "2026-04-06T13:55:26.073586", "open": 656.7198, "high": 656.89, "low": 656.615, "close": 656.67, "volume": 30703}, {"timestamp": "2026-04-06T13:56:26.609494", "open": 656.69, "high": 656.7324, "low": 656.58, "close": 656.6785, "volume": 19766}, {"timestamp": "2026-04-06T13:57:26.739736", "open": 656.655, "high": 656.7133, "low": 656.44, "close": 656.465, "volume": 61020}, {"timestamp": "2026-04-06T13:58:50.892172", "open": 656.43, "high": 656.6601, "low": 656.43, "close": 656.505, "volume": 129460}, {"timestamp": "2026-04-06T13:59:50.945285", "open": 656.51, "high": 656.5828, "low": 656.38, "close": 656.475, "volume": 39133}, {"timestamp": "2026-04-06T14:00:50.953720", "open": 656.475, "high": 656.63, "low": 656.42, "close": 656.4393, "volume": 66523}, {"timestamp": "2026-04-06T14:01:52.089555", "open": 656.44, "high": 656.54, "low": 656.344, "close": 656.39, "volume": 41977}, {"timestamp": "2026-04-06T14:02:52.177764", "open": 656.39, "high": 656.5755, "low": 656.3835, "close": 656.47, "volume": 48843}, {"timestamp": "2026-04-06T14:03:52.460066", "open": 656.485, "high": 656.63, "low": 656.22, "close": 656.41, "volume": 88231}, {"timestamp": "2026-04-06T14:04:52.465438", "open": 656.41, "high": 656.5799, "low": 656.3, "close": 656.5357, "volume": 46240}, {"timestamp": "2026-04-06T14:05:52.471750", "open": 656.56, "high": 656.61, "low": 656.39, "close": 656.415, "volume": 39181}, {"timestamp": "2026-04-06T14:06:52.501540", "open": 656.415, "high": 656.65, "low": 656.37, "close": 656.51, "volume": 28538}, {"timestamp": "2026-04-06T14:07:52.645025", "open": 656.52, "high": 656.61, "low": 656.39, "close": 656.45, "volume": 26902}, {"timestamp": "2026-04-06T14:08:52.877474", "open": 656.45, "high": 656.87, "low": 656.45, "close": 656.7174, "volume": 56960}, {"timestamp": "2026-04-06T14:09:53.105642", "open": 656.725, "high": 657.47, "low": 656.5424, "close": 657.3101, "volume": 127717}, {"timestamp": "2026-04-06T14:10:53.471711", "open": 657.325, "high": 657.87, "low": 656.8428, "close": 657.33, "volume": 186812}, {"timestamp": "2026-04-06T14:11:53.572700", "open": 657.36, "high": 657.58, "low": 657.1475, "close": 657.44, "volume": 88626}, {"timestamp": "2026-04-06T14:12:53.575771", "open": 657.47, "high": 657.56, "low": 657.22, "close": 657.355, "volume": 49283}, {"timestamp": "2026-04-06T14:13:53.582616", "open": 657.355, "high": 657.47, "low": 657.09, "close": 657.3, "volume": 63242}, {"timestamp": "2026-04-06T14:14:53.589146", "open": 657.3, "high": 657.58, "low": 657.2308, "close": 657.49, "volume": 46949}, {"timestamp": "2026-04-06T14:15:53.687732", "open": 657.505, "high": 657.6523, "low": 657.3454, "close": 657.65, "volume": 48974}, {"timestamp": "2026-04-06T14:16:53.706774", "open": 657.66, "high": 657.77, "low": 657.3647, "close": 657.69, "volume": 46961}, {"timestamp": "2026-04-06T14:17:53.731143", "open": 657.7052, "high": 657.97, "low": 657.4175, "close": 657.85, "volume": 58573}, {"timestamp": "2026-04-06T14:18:53.844374", "open": 657.8599, "high": 673.47, "low": 657.5424, "close": 657.96, "volume": 82175}, {"timestamp": "2026-04-06T14:19:57.179650", "open": 657.98, "high": 658.03, "low": 657.7507, "close": 657.93, "volume": 87665}, {"timestamp": "2026-04-06T14:20:58.770774", "open": 657.8234, "high": 658.13, "low": 657.8, "close": 658.06, "volume": 43197}], "support": 656.22, "resistance": 673.47, "call_premium": 486185390.0, "put_premium": 623461360.0, "call_trades": 325697, "put_trades": 401694, "options_bias": "PUT HEAVY", "option_prints": [{"timestamp": "2026-04-06T14:21:40.297466", "timestamp_str": "2026-04-06 14:21:40", "option_symbol": "O:SPY260406C00658000", "underlying": "SPY", "contract": "C", "contract_type": "C", "option_type": "C", "strike": 658.0, "expiry": "2026-04-06", "expiration": "2026-04-06", "dte": 0, "price": 0.72, "contracts": 5, "size": 5, "premium": 360.0, "side": "unknown", "delta_exposure": 251.99, "approx_delta": 0.7, "is_atm": true, "tier": "tier1", "tag": "C | TIER1 | ATM | SMALL"}, {"timestamp": "2026-04-06T14:21:40.346708", "timestamp_str": "2026-04-06 14:21:40", "option_symbol": "O:SPY260406C00659000", "underlying": "SPY", "contract": "C", "contract_type": "C", "option_type": "C", "strike": 659.0, "expiry": "2026-04-06", "expiration": "2026-04-06", "dte": 0, "price": 0.32, "contracts": 25, "size": 25, "premium": 800.0, "side": "unknown", "delta_exposure": 558.76, "approx_delta": 0.6984, "is_atm": true, "tier": "tier1", "tag": "C | TIER1 | ATM | SMALL"}, {"timestamp": "2026-04-06T14:21:40.395201", "timestamp_str": "2026-04-06 14:21:40", "option_symbol": "O:SPY260406C00659000", "underlying": "SPY", "contract": "C", "contract_type": "C", "option_type": "C", "strike": 659.0, "expiry": "2026-04-06", "expiration": "2026-04-06", "dte": 0, "price": 0.33, "contracts": 125, "size": 125, "premium": 4125.0, "side": "unknown", "delta_exposure": 2881.11, "approx_delta": 0.6984, "is_atm": true, "tier": "tier1", "tag": "C | TIER1 | ATM | SMALL"}, {"timestamp": "2026-04-06T14:21:40.443562", "timestamp_str": "2026-04-06 14:21:40", "option_symbol": "O:SPY260407C00660000", "underlying": "SPY", "contract": "C", "contract_type": "C", "option_type": "C", "strike": 660.0, "expiry": "2026-04-07", "expiration": "2026-04-07", "dte": 1, "price": 1.87, "contracts": 25, "size": 25, "premium": 4675.0, "side": "unknown", "delta_exposure": 3258.15, "approx_delta": 0.6969, "is_atm": true, "tier": "tier1", "tag": "C | TIER1 | ATM | SMALL"}, {"timestamp": "2026-04-06T14:21:40.492211", "timestamp_str": "2026-04-06 14:21:40", "option_symbol": "O:SPY260407C00660000", "underlying": "SPY", "contract": "C", "contract_type": "C", "option_type": "C", "strike": 660.0, "expiry": "2026-04-07", "expiration": "2026-04-07", "dte": 1, "price": 1.88, "contracts": 125, "size": 125, "premium": 23500.0, "side": "unknown", "delta_exposure": 16377.85, "approx_delta": 0.6969, "is_atm": true, "tier": "tier1", "tag": "C | TIER1 | ATM | SMALL"}, {"timestamp": "2026-04-06T14:21:40.540394", "timestamp_str": "2026-04-06 14:21:40", "option_symbol": "O:SPY260407P00655000", "underlying": "SPY", "contract": "P", "contract_type": "P", "option_type": "P", "strike": 655.0, "expiry": "2026-04-07", "expiration": "2026-04-07", "dte": 1, "price": 1.84, "contracts": 25, "size": 25, "premium": 4600.0, "side": "unknown", "delta_exposure": -3199.17, "approx_delta": -0.6955, "is_atm": true, "tier": "tier1", "tag": "P | TIER1 | ATM | SMALL"}, {"timestamp": "2026-04-06T14:21:40.588487", "timestamp_str": "2026-04-06 14:21:40", "option_symbol": "O:SPY260407P00655000", "underlying": "SPY", "contract": "P", "contract_type": "P", "option_type": "P", "strike": 655.0, "expiry": "2026-04-07", "expiration": "2026-04-07", "dte": 1, "price": 1.84, "contracts": 125, "size": 125, "premium": 23000.0, "side": "unknown", "delta_exposure": -15995.83, "approx_delta": -0.6955, "is_atm": true, "tier": "tier1", "tag": "P | TIER1 | ATM | SMALL"}, {"timestamp": "2026-04-06T14:21:40.636474", "timestamp_str": "2026-04-06 14:21:40", "option_symbol": "O:SPY260407P00645000", "underlying": "SPY", "contract": "P", "contract_type": "P", "option_type": "P", "strike": 645.0, "expiry": "2026-04-07", "expiration": "2026-04-07", "dte": 1, "price": 0.41, "contracts": 100, "size": 100, "premium": 4100.0, "side": "unknown", "delta_exposure": -2789.12, "approx_delta": -0.6803, "is_atm": true, "tier": "tier1", "tag": "P | TIER1 | ATM | SMALL"}, {"timestamp": "2026-04-06T14:21:40.761832", "timestamp_str": "2026-04-06 14:21:40", "option_symbol": "O:SPY260407C00658000", "underlying": "SPY", "contract": "C", "contract_type": "C", "option_type": "C", "strike": 658.0, "expiry": "2026-04-07", "expiration": "2026-04-07", "dte": 1, "price": 2.89, "contracts": 1, "size": 1, "premium": 289.0, "side": "unknown", "delta_exposure": 202.29, "approx_delta": 0.7, "is_atm": true, "tier": "tier1", "tag": "C | TIER1 | ATM | SMALL"}, {"timestamp": "2026-04-06T14:21:40.848422", "timestamp_str": "2026-04-06 14:21:40", "option_symbol": "O:SPY260406C00657000", "underlying": "SPY", "contract": "C", "contract_type": "C", "option_type": "C", "strike": 657.0, "expiry": "2026-04-06", "expiration": "2026-04-06", "dte": 0, "price": 1.36, "contracts": 1, "size": 1, "premium": 136.0, "side": "unknown", "delta_exposure": 95.4, "approx_delta": 0.7015, "is_atm": true, "tier": "tier1", "tag": "C | TIER1 | ATM | SMALL"}, {"timestamp": "2026-04-06T14:21:40.925518", "timestamp_str": "2026-04-06 14:21:40", "option_symbol": "O:SPY260406P00657000", "underlying": "SPY", "contract": "P", "contract_type": "P", "option_type": "P", "strike": 657.0, "expiry": "2026-04-06", "expiration": "2026-04-06", "dte": 0, "price": 0.44, "contracts": 22, "size": 22, "premium": 968.0, "side": "unknown", "delta_exposure": -676.16, "approx_delta": -0.6985, "is_atm": true, "tier": "tier1", "tag": "P | TIER1 | ATM | SMALL"}, {"timestamp": "2026-04-06T14:21:40.974165", "timestamp_str": "2026-04-06 14:21:40", "option_symbol": "O:SPY260406P00656000", "underlying": "SPY", "contract": "P", "contract_type": "P", "option_type": "P", "strike": 656.0, "expiry": "2026-04-06", "expiration": "2026-04-06", "dte": 0, "price": 0.23, "contracts": 2, "size": 2, "premium": 46.0, "side": "unknown", "delta_exposure": -32.06, "approx_delta": -0.697, "is_atm": true, "tier": "tier1", "tag": "P | TIER1 | ATM | SMALL"}, {"timestamp": "2026-04-06T14:21:41.034094", "timestamp_str": "2026-04-06 14:21:41", "option_symbol": "O:SPY260406P00657000", "underlying": "SPY", "contract": "P", "contract_type": "P", "option_type": "P", "strike": 657.0, "expiry": "2026-04-06", "expiration": "2026-04-06", "dte": 0, "price": 0.43, "contracts": 2, "size": 2, "premium": 86.0, "side": "unknown", "delta_exposure": -60.07, "approx_delta": -0.6985, "is_atm": true, "tier": "tier1", "tag": "P | TIER1 | ATM | SMALL"}, {"timestamp": "2026-04-06T14:21:41.109958", "timestamp_str": "2026-04-06 14:21:41", "option_symbol": "O:SPY260406P00658000", "underlying": "SPY", "contract": "P", "contract_type": "P", "option_type": "P", "strike": 658.0, "expiry": "2026-04-06", "expiration": "2026-04-06", "dte": 0, "price": 0.81, "contracts": 10, "size": 10, "premium": 810.0, "side": "unknown", "delta_exposure": -567.02, "approx_delta": -0.7, "is_atm": true, "tier": "tier1", "tag": "P | TIER1 | ATM | SMALL"}, {"timestamp": "2026-04-06T14:21:41.180462", "timestamp_str": "2026-04-06 14:21:41", "option_symbol": "O:SPY260414C00658000", "underlying": "SPY", "contract": "C", "contract_type": "C", "option_type": "C", "strike": 658.0, "expiry": "2026-04-14", "expiration": "2026-04-14", "dte": 8, "price": 8.32, "contracts": 10, "size": 10, "premium": 8320.0, "side": "unknown", "delta_exposure": 5407.75, "approx_delta": 0.65, "is_atm": true, "tier": "tier2", "tag": "C | TIER2 | ATM | SMALL"}, {"timestamp": "2026-04-06T14:21:41.250922", "timestamp_str": "2026-04-06 14:21:41", "option_symbol": "O:SPY260406P00658000", "underlying": "SPY", "contract": "P", "contract_type": "P", "option_type": "P", "strike": 658.0, "expiry": "2026-04-06", "expiration": "2026-04-06", "dte": 0, "price": 0.82, "contracts": 4, "size": 4, "premium": 328.0, "side": "unknown", "delta_exposure": -229.61, "approx_delta": -0.7, "is_atm": true, "tier": "tier1", "tag": "P | TIER1 | ATM | SMALL"}, {"timestamp": "2026-04-06T14:21:41.326368", "timestamp_str": "2026-04-06 14:21:41", "option_symbol": "O:SPY260406C00660000", "underlying": "SPY", "contract": "C", "contract_type": "C", "option_type": "C", "strike": 660.0, "expiry": "2026-04-06", "expiration": "2026-04-06", "dte": 0, "price": 0.15, "contracts": 1, "size": 1, "premium": 15.0, "side": "unknown", "delta_exposure": 10.45, "approx_delta": 0.6969, "is_atm": true, "tier": "tier1", "tag": "C | TIER1 | ATM | SMALL"}, {"timestamp": "2026-04-06T14:21:41.380836", "timestamp_str": "2026-04-06 14:21:41", "option_symbol": "O:SPY260406P00641000", "underlying": "SPY", "contract": "P", "contract_type": "P", "option_type": "P", "strike": 641.0, "expiry": "2026-04-06", "expiration": "2026-04-06", "dte": 0, "price": 0.02, "contracts": 1, "size": 1, "premium": 2.0, "side": "unknown", "delta_exposure": -1.15, "approx_delta": -0.5742, "is_atm": false, "tier": "tier1", "tag": "P | TIER1 | OTM/ITM | SMALL"}, {"timestamp": "2026-04-06T14:21:41.501271", "timestamp_str": "2026-04-06 14:21:41", "option_symbol": "O:SPY260410P00651000", "underlying": "SPY", "contract": "P", "contract_type": "P", "option_type": "P", "strike": 651.0, "expiry": "2026-04-10", "expiration": "2026-04-10", "dte": 4, "price": 4.0, "contracts": 1, "size": 1, "premium": 400.0, "side": "unknown", "delta_exposure": -275.76, "approx_delta": -0.6894, "is_atm": true, "tier": "tier2", "tag": "P | TIER2 | ATM | SMALL"}, {"timestamp": "2026-04-06T14:21:41.585436", "timestamp_str": "2026-04-06 14:21:41", "option_symbol": "O:SPY260406P00656000", "underlying": "SPY", "contract": "P", "contract_type": "P", "option_type": "P", "strike": 656.0, "expiry": "2026-04-06", "expiration": "2026-04-06", "dte": 0, "price": 0.23, "contracts": 1, "size": 1, "premium": 23.0, "side": "unknown", "delta_exposure": -16.03, "approx_delta": -0.697, "is_atm": true, "tier": "tier1", "tag": "P | TIER1 | ATM | SMALL"}, {"timestamp": "2026-04-06T14:21:41.634039", "timestamp_str": "2026-04-06 14:21:41", "option_symbol": "O:SPY260406C00658000", "underlying": "SPY", "contract": "C", "contract_type": "C", "option_type": "C", "strike": 658.0, "expiry": "2026-04-06", "expiration": "2026-04-06", "dte": 0, "price": 0.72, "contracts": 10, "size": 10, "premium": 720.0, "side": "unknown", "delta_exposure": 503.98, "approx_delta": 0.7, "is_atm": true, "tier": "tier1", "tag": "C | TIER1 | ATM | SMALL"}, {"timestamp": "2026-04-06T14:21:41.700493", "timestamp_str": "2026-04-06 14:21:41", "option_symbol": "O:SPY260408C00667000", "underlying": "SPY", "contract": "C", "contract_type": "C", "option_type": "C", "strike": 667.0, "expiry": "2026-04-08", "expiration": "2026-04-08", "dte": 2, "price": 0.95, "contracts": 1, "size": 1, "premium": 95.0, "side": "unknown", "delta_exposure": 65.2, "approx_delta": 0.6863, "is_atm": true, "tier": "tier1", "tag": "C | TIER1 | ATM | SMALL"}, {"timestamp": "2026-04-06T14:21:41.750226", "timestamp_str": "2026-04-06 14:21:41", "option_symbol": "O:SPY260406C00659000", "underlying": "SPY", "contract": "C", "contract_type": "C", "option_type": "C", "strike": 659.0, "expiry": "2026-04-06", "expiration": "2026-04-06", "dte": 0, "price": 0.33, "contracts": 10, "size": 10, "premium": 330.0, "side": "unknown", "delta_exposure": 230.49, "approx_delta": 0.6984, "is_atm": true, "tier": "tier1", "tag": "C | TIER1 | ATM | SMALL"}, {"timestamp": "2026-04-06T14:21:41.798906", "timestamp_str": "2026-04-06 14:21:41", "option_symbol": "O:SPY260406C00661000", "underlying": "SPY", "contract": "C", "contract_type": "C", "option_type": "C", "strike": 661.0, "expiry": "2026-04-06", "expiration": "2026-04-06", "dte": 0, "price": 0.07, "contracts": 10, "size": 10, "premium": 70.0, "side": "unknown", "delta_exposure": 48.68, "approx_delta": 0.6954, "is_atm": true, "tier": "tier1", "tag": "C | TIER1 | ATM | SMALL"}, {"timestamp": "2026-04-06T14:21:41.847406", "timestamp_str": "2026-04-06 14:21:41", "option_symbol": "O:SPY260417C00688000", "underlying": "SPY", "contract": "C", "contract_type": "C", "option_type": "C", "strike": 688.0, "expiry": "2026-04-17", "expiration": "2026-04-17", "dte": 11, "price": 0.28, "contracts": 4, "size": 4, "premium": 112.0, "side": "unknown", "delta_exposure": 56.49, "approx_delta": 0.5044, "is_atm": false, "tier": "tier2", "tag": "C | TIER2 | OTM/ITM | SMALL"}, {"timestamp": "2026-04-06T14:21:41.937613", "timestamp_str": "2026-04-06 14:21:41", "option_symbol": "O:SPY260417C00689000", "underlying": "SPY", "contract": "C", "contract_type": "C", "option_type": "C", "strike": 689.0, "expiry": "2026-04-17", "expiration": "2026-04-17", "dte": 11, "price": 0.23, "contracts": 4, "size": 4, "premium": 92.0, "side": "unknown", "delta_exposure": 46.26, "approx_delta": 0.5029, "is_atm": false, "tier": "tier2", "tag": "C | TIER2 | OTM/ITM | SMALL"}, {"timestamp": "2026-04-06T14:21:41.986280", "timestamp_str": "2026-04-06 14:21:41", "option_symbol": "O:SPY260522P00605000", "underlying": "SPY", "contract": "P", "contract_type": "P", "option_type": "P", "strike": 605.0, "expiry": "2026-05-22", "expiration": "2026-05-22", "dte": 46, "price": 5.64, "contracts": 1, "size": 1, "premium": 564.0, "side": "unknown", "delta_exposure": -236.59, "approx_delta": -0.4195, "is_atm": false, "tier": "other", "tag": "P | OTHER | OTM/ITM | SMALL"}, {"timestamp": "2026-04-06T14:21:42.034892", "timestamp_str": "2026-04-06 14:21:42", "option_symbol": "O:SPY260522P00600000", "underlying": "SPY", "contract": "P", "contract_type": "P", "option_type": "P", "strike": 600.0, "expiry": "2026-05-22", "expiration": "2026-05-22", "dte": 46, "price": 5.12, "contracts": 1, "size": 1, "premium": 512.0, "side": "unknown", "delta_exposure": -210.88, "approx_delta": -0.4119, "is_atm": false, "tier": "other", "tag": "P | OTHER | OTM/ITM | SMALL"}, {"timestamp": "2026-04-06T14:21:42.100383", "timestamp_str": "2026-04-06 14:21:42", "option_symbol": "O:SPY260417P00575000", "underlying": "SPY", "contract": "P", "contract_type": "P", "option_type": "P", "strike": 575.0, "expiry": "2026-04-17", "expiration": "2026-04-17", "dte": 11, "price": 0.43, "contracts": 5, "size": 5, "premium": 215.0, "side": "unknown", "delta_exposure": -91.14, "approx_delta": -0.4239, "is_atm": false, "tier": "tier2", "tag": "P | TIER2 | OTM/ITM | SMALL"}, {"timestamp": "2026-04-06T14:21:42.176877", "timestamp_str": "2026-04-06 14:21:42", "option_symbol": "O:SPY260406P00659000", "underlying": "SPY", "contract": "P", "contract_type": "P", "option_type": "P", "strike": 659.0, "expiry": "2026-04-06", "expiration": "2026-04-06", "dte": 0, "price": 1.42, "contracts": 2, "size": 2, "premium": 284.0, "side": "unknown", "delta_exposure": -199.24, "approx_delta": -0.7016, "is_atm": true, "tier": "tier1", "tag": "P | TIER1 | ATM | SMALL"}, {"timestamp": "2026-04-06T14:21:42.309151", "timestamp_str": "2026-04-06 14:21:42", "option_symbol": "O:SPY260406P00665000", "underlying": "SPY", "contract": "P", "contract_type": "P", "option_type": "P", "strike": 665.0, "expiry": "2026-04-06", "expiration": "2026-04-06", "dte": 0, "price": 7.07, "contracts": 10, "size": 10, "premium": 7070.0, "side": "unknown", "delta_exposure": -5024.43, "approx_delta": -0.7107, "is_atm": true, "tier": "tier1", "tag": "P | TIER1 | ATM | SMALL"}, {"timestamp": "2026-04-06T14:21:42.375907", "timestamp_str": "2026-04-06 14:21:42", "option_symbol": "O:SPY260406P00659000", "underlying": "SPY", "contract": "P", "contract_type": "P", "option_type": "P", "strike": 659.0, "expiry": "2026-04-06", "expiration": "2026-04-06", "dte": 0, "price": 1.44, "contracts": 4, "size": 4, "premium": 576.0, "side": "unknown", "delta_exposure": -404.09, "approx_delta": -0.7016, "is_atm": true, "tier": "tier1", "tag": "P | TIER1 | ATM | SMALL"}, {"timestamp": "2026-04-06T14:21:42.424218", "timestamp_str": "2026-04-06 14:21:42", "option_symbol": "O:SPY260406C00661000", "underlying": "SPY", "contract": "C", "contract_type": "C", "option_type": "C", "strike": 661.0, "expiry": "2026-04-06", "expiration": "2026-04-06", "dte": 0, "price": 0.08, "contracts": 1, "size": 1, "premium": 8.0, "side": "unknown", "delta_exposure": 5.56, "approx_delta": 0.6954, "is_atm": true, "tier": "tier1", "tag": "C | TIER1 | ATM | SMALL"}, {"timestamp": "2026-04-06T14:21:42.472841", "timestamp_str": "2026-04-06 14:21:42", "option_symbol": "O:SPY260406P00657000", "underlying": "SPY", "contract": "P", "contract_type": "P", "option_type": "P", "strike": 657.0, "expiry": "2026-04-06", "expiration": "2026-04-06", "dte": 0, "price": 0.44, "contracts": 3, "size": 3, "premium": 132.0, "side": "unknown", "delta_exposure": -92.2, "approx_delta": -0.6985, "is_atm": true, "tier": "tier1", "tag": "P | TIER1 | ATM | SMALL"}, {"timestamp": "2026-04-06T14:21:42.537661", "timestamp_str": "2026-04-06 14:21:42", "option_symbol": "O:SPY260406P00659000", "underlying": "SPY", "contract": "P", "contract_type": "P", "option_type": "P", "strike": 659.0, "expiry": "2026-04-06", "expiration": "2026-04-06", "dte": 0, "price": 1.4, "contracts": 6, "size": 6, "premium": 840.0, "side": "unknown", "delta_exposure": -589.3, "approx_delta": -0.7016, "is_atm": true, "tier": "tier1", "tag": "P | TIER1 | ATM | SMALL"}, {"timestamp": "2026-04-06T14:21:42.637555", "timestamp_str": "2026-04-06 14:21:42", "option_symbol": "O:SPY260406C00658000", "underlying": "SPY", "contract": "C", "contract_type": "C", "option_type": "C", "strike": 658.0, "expiry": "2026-04-06", "expiration": "2026-04-06", "dte": 0, "price": 0.71, "contracts": 10, "size": 10, "premium": 710.0, "side": "unknown", "delta_exposure": 496.98, "approx_delta": 0.7, "is_atm": true, "tier": "tier1", "tag": "C | TIER1 | ATM | SMALL"}, {"timestamp": "2026-04-06T14:21:42.712625", "timestamp_str": "2026-04-06 14:21:42", "option_symbol": "O:SPY260406P00666000", "underlying": "SPY", "contract": "P", "contract_type": "P", "option_type": "P", "strike": 666.0, "expiry": "2026-04-06", "expiration": "2026-04-06", "dte": 0, "price": 8.12, "contracts": 10, "size": 10, "premium": 8120.0, "side": "unknown", "delta_exposure": -5782.97, "approx_delta": -0.7122, "is_atm": true, "tier": "tier1", "tag": "P | TIER1 | ATM | SMALL"}, {"timestamp": "2026-04-06T14:21:42.787848", "timestamp_str": "2026-04-06 14:21:42", "option_symbol": "O:SPY260408C00667000", "underlying": "SPY", "contract": "C", "contract_type": "C", "option_type": "C", "strike": 667.0, "expiry": "2026-04-08", "expiration": "2026-04-08", "dte": 2, "price": 0.93, "contracts": 1, "size": 1, "premium": 93.0, "side": "unknown", "delta_exposure": 63.83, "approx_delta": 0.6863, "is_atm": true, "tier": "tier1", "tag": "C | TIER1 | ATM | SMALL"}, {"timestamp": "2026-04-06T14:21:42.835688", "timestamp_str": "2026-04-06 14:21:42", "option_symbol": "O:SPY260406C00656000", "underlying": "SPY", "contract": "C", "contract_type": "C", "option_type": "C", "strike": 656.0, "expiry": "2026-04-06", "expiration": "2026-04-06", "dte": 0, "price": 2.14, "contracts": 1, "size": 1, "premium": 214.0, "side": "unknown", "delta_exposure": 150.44, "approx_delta": 0.703, "is_atm": true, "tier": "tier1", "tag": "C | TIER1 | ATM | SMALL"}, {"timestamp": "2026-04-06T14:21:42.883547", "timestamp_str": "2026-04-06 14:21:42", "option_symbol": "O:SPY260406P00659000", "underlying": "SPY", "contract": "P", "contract_type": "P", "option_type": "P", "strike": 659.0, "expiry": "2026-04-06", "expiration": "2026-04-06", "dte": 0, "price": 1.4, "contracts": 1, "size": 1, "premium": 140.0, "side": "unknown", "delta_exposure": -98.22, "approx_delta": -0.7016, "is_atm": true, "tier": "tier1", "tag": "P | TIER1 | ATM | SMALL"}, {"timestamp": "2026-04-06T14:21:43.007982", "timestamp_str": "2026-04-06 14:21:43", "option_symbol": "O:SPY260407P00649000", "underlying": "SPY", "contract": "P", "contract_type": "P", "option_type": "P", "strike": 649.0, "expiry": "2026-04-07", "expiration": "2026-04-07", "dte": 1, "price": 0.74, "contracts": 1, "size": 1, "premium": 74.0, "side": "unknown", "delta_exposure": -50.79, "approx_delta": -0.6864, "is_atm": true, "tier": "tier1", "tag": "P | TIER1 | ATM | SMALL"}, {"timestamp": "2026-04-06T14:21:43.074004", "timestamp_str": "2026-04-06 14:21:43", "option_symbol": "O:SPY260406P00658000", "underlying": "SPY", "contract": "P", "contract_type": "P", "option_type": "P", "strike": 658.0, "expiry": "2026-04-06", "expiration": "2026-04-06", "dte": 0, "price": 0.82, "contracts": 1, "size": 1, "premium": 82.0, "side": "unknown", "delta_exposure": -57.4, "approx_delta": -0.7, "is_atm": true, "tier": "tier1", "tag": "P | TIER1 | ATM | SMALL"}, {"timestamp": "2026-04-06T14:21:43.121791", "timestamp_str": "2026-04-06 14:21:43", "option_symbol": "O:SPY260406C00659000", "underlying": "SPY", "contract": "C", "contract_type": "C", "option_type": "C", "strike": 659.0, "expiry": "2026-04-06", "expiration": "2026-04-06", "dte": 0, "price": 0.32, "contracts": 10, "size": 10, "premium": 320.0, "side": "unknown", "delta_exposure": 223.5, "approx_delta": 0.6984, "is_atm": true, "tier": "tier1", "tag": "C | TIER1 | ATM | SMALL"}, {"timestamp": "2026-04-06T14:21:43.170087", "timestamp_str": "2026-04-06 14:21:43", "option_symbol": "O:SPY260406P00653000", "underlying": "SPY", "contract": "P", "contract_type": "P", "option_type": "P", "strike": 653.0, "expiry": "2026-04-06", "expiration": "2026-04-06", "dte": 0, "price": 0.06, "contracts": 1, "size": 1, "premium": 6.0, "side": "unknown", "delta_exposure": -4.15, "approx_delta": -0.6924, "is_atm": true, "tier": "tier1", "tag": "P | TIER1 | ATM | SMALL"}, {"timestamp": "2026-04-06T14:21:43.434930", "timestamp_str": "2026-04-06 14:21:43", "option_symbol": "O:SPY260407P00655000", "underlying": "SPY", "contract": "P", "contract_type": "P", "option_type": "P", "strike": 655.0, "expiry": "2026-04-07", "expiration": "2026-04-07", "dte": 1, "price": 1.87, "contracts": 1, "size": 1, "premium": 187.0, "side": "unknown", "delta_exposure": -130.05, "approx_delta": -0.6955, "is_atm": true, "tier": "tier1", "tag": "P | TIER1 | ATM | SMALL"}, {"timestamp": "2026-04-06T14:21:48.952185", "timestamp_str": "2026-04-06 14:21:48", "option_symbol": "O:SPY260406C00657000", "underlying": "SPY", "contract": "C", "contract_type": "C", "option_type": "C", "strike": 657.0, "expiry": "2026-04-06", "expiration": "2026-04-06", "dte": 0, "price": 1.37, "contracts": 1, "size": 1, "premium": 137.0, "side": "unknown", "delta_exposure": 96.1, "approx_delta": 0.7014, "is_atm": true, "tier": "tier1", "tag": "C | TIER1 | ATM | SMALL"}, {"timestamp": "2026-04-06T14:21:49.074654", "timestamp_str": "2026-04-06 14:21:49", "option_symbol": "O:SPY260408C00679000", "underlying": "SPY", "contract": "C", "contract_type": "C", "option_type": "C", "strike": 679.0, "expiry": "2026-04-08", "expiration": "2026-04-08", "dte": 2, "price": 0.04, "contracts": 50, "size": 50, "premium": 200.0, "side": "unknown", "delta_exposure": 113.6, "approx_delta": 0.568, "is_atm": false, "tier": "tier1", "tag": "C | TIER1 | OTM/ITM | SMALL"}, {"timestamp": "2026-04-06T14:21:49.123019", "timestamp_str": "2026-04-06 14:21:49", "option_symbol": "O:SPY260406C00658000", "underlying": "SPY", "contract": "C", "contract_type": "C", "option_type": "C", "strike": 658.0, "expiry": "2026-04-06", "expiration": "2026-04-06", "dte": 0, "price": 0.74, "contracts": 1, "size": 1, "premium": 74.0, "side": "unknown", "delta_exposure": 51.8, "approx_delta": 0.7, "is_atm": true, "tier": "tier1", "tag": "C | TIER1 | ATM | SMALL"}, {"timestamp": "2026-04-06T14:21:49.171353", "timestamp_str": "2026-04-06 14:21:49", "option_symbol": "O:SPY260406C00655000", "underlying": "SPY", "contract": "C", "contract_type": "C", "option_type": "C", "strike": 655.0, "expiry": "2026-04-06", "expiration": "2026-04-06", "dte": 0, "price": 3.08, "contracts": 2, "size": 2, "premium": 616.0, "side": "unknown", "delta_exposure": 433.99, "approx_delta": 0.7045, "is_atm": true, "tier": "tier1", "tag": "C | TIER1 | ATM | SMALL"}, {"timestamp": "2026-04-06T14:21:49.233320", "timestamp_str": "2026-04-06 14:21:49", "option_symbol": "O:SPY260407P00657000", "underlying": "SPY", "contract": "P", "contract_type": "P", "option_type": "P", "strike": 657.0, "expiry": "2026-04-07", "expiration": "2026-04-07", "dte": 1, "price": 2.52, "contracts": 2, "size": 2, "premium": 504.0, "side": "unknown", "delta_exposure": -352.05, "approx_delta": -0.6985, "is_atm": true, "tier": "tier1", "tag": "P | TIER1 | ATM | SMALL"}, {"timestamp": "2026-04-06T14:21:49.287820", "timestamp_str": "2026-04-06 14:21:49", "option_symbol": "O:SPY260406P00659000", "underlying": "SPY", "contract": "P", "contract_type": "P", "option_type": "P", "strike": 659.0, "expiry": "2026-04-06", "expiration": "2026-04-06", "dte": 0, "price": 1.38, "contracts": 1, "size": 1, "premium": 138.0, "side": "unknown", "delta_exposure": -96.82, "approx_delta": -0.7016, "is_atm": true, "tier": "tier1", "tag": "P | TIER1 | ATM | SMALL"}, {"timestamp": "2026-04-06T14:21:49.369654", "timestamp_str": "2026-04-06 14:21:49", "option_symbol": "O:SPY260408C00658000", "underlying": "SPY", "contract": "C", "contract_type": "C", "option_type": "C", "strike": 658.0, "expiry": "2026-04-08", "expiration": "2026-04-08", "dte": 2, "price": 4.63, "contracts": 1, "size": 1, "premium": 463.0, "side": "unknown", "delta_exposure": 324.08, "approx_delta": 0.7, "is_atm": true, "tier": "tier1", "tag": "C | TIER1 | ATM | SMALL"}, {"timestamp": "2026-04-06T14:21:49.529826", "timestamp_str": "2026-04-06 14:21:49", "option_symbol": "O:SPY260407C00660000", "underlying": "SPY", "contract": "C", "contract_type": "C", "option_type": "C", "strike": 660.0, "expiry": "2026-04-07", "expiration": "2026-04-07", "dte": 1, "price": 1.9, "contracts": 1, "size": 1, "premium": 190.0, "side": "unknown", "delta_exposure": 132.41, "approx_delta": 0.6969, "is_atm": true, "tier": "tier1", "tag": "C | TIER1 | ATM | SMALL"}, {"timestamp": "2026-04-06T14:21:49.578491", "timestamp_str": "2026-04-06 14:21:49", "option_symbol": "O:SPY260407C00660000", "underlying": "SPY", "contract": "C", "contract_type": "C", "option_type": "C", "strike": 660.0, "expiry": "2026-04-07", "expiration": "2026-04-07", "dte": 1, "price": 1.9, "contracts": 1, "size": 1, "premium": 190.0, "side": "unknown", "delta_exposure": 132.41, "approx_delta": 0.6969, "is_atm": true, "tier": "tier1", "tag": "C | TIER1 | ATM | SMALL"}, {"timestamp": "2026-04-06T14:21:49.627015", "timestamp_str": "2026-04-06 14:21:49", "option_symbol": "O:SPY260407C00660000", "underlying": "SPY", "contract": "C", "contract_type": "C", "option_type": "C", "strike": 660.0, "expiry": "2026-04-07", "expiration": "2026-04-07", "dte": 1, "price": 1.9, "contracts": 1, "size": 1, "premium": 190.0, "side": "unknown", "delta_exposure": 132.41, "approx_delta": 0.6969, "is_atm": true, "tier": "tier1", "tag": "C | TIER1 | ATM | SMALL"}, {"timestamp": "2026-04-06T14:21:49.675629", "timestamp_str": "2026-04-06 14:21:49", "option_symbol": "O:SPY260407C00660000", "underlying": "SPY", "contract": "C", "contract_type": "C", "option_type": "C", "strike": 660.0, "expiry": "2026-04-07", "expiration": "2026-04-07", "dte": 1, "price": 1.9, "contracts": 1, "size": 1, "premium": 190.0, "side": "unknown", "delta_exposure": 132.42, "approx_delta": 0.697, "is_atm": true, "tier": "tier1", "tag": "C | TIER1 | ATM | SMALL"}, {"timestamp": "2026-04-06T14:21:49.724142", "timestamp_str": "2026-04-06 14:21:49", "option_symbol": "O:SPY260407C00660000", "underlying": "SPY", "contract": "C", "contract_type": "C", "option_type": "C", "strike": 660.0, "expiry": "2026-04-07", "expiration": "2026-04-07", "dte": 1, "price": 1.9, "contracts": 1, "size": 1, "premium": 190.0, "side": "unknown", "delta_exposure": 132.44, "approx_delta": 0.697, "is_atm": true, "tier": "tier1", "tag": "C | TIER1 | ATM | SMALL"}, {"timestamp": "2026-04-06T14:21:49.772988", "timestamp_str": "2026-04-06 14:21:49", "option_symbol": "O:SPY260407C00660000", "underlying": "SPY", "contract": "C", "contract_type": "C", "option_type": "C", "strike": 660.0, "expiry": "2026-04-07", "expiration": "2026-04-07", "dte": 1, "price": 1.9, "contracts": 1, "size": 1, "premium": 190.0, "side": "unknown", "delta_exposure": 132.44, "approx_delta": 0.697, "is_atm": true, "tier": "tier1", "tag": "C | TIER1 | ATM | SMALL"}, {"timestamp": "2026-04-06T14:21:49.825956", "timestamp_str": "2026-04-06 14:21:49", "option_symbol": "O:SPY260407C00660000", "underlying": "SPY", "contract": "C", "contract_type": "C", "option_type": "C", "strike": 660.0, "expiry": "2026-04-07", "expiration": "2026-04-07", "dte": 1, "price": 1.9, "contracts": 1, "size": 1, "premium": 190.0, "side": "unknown", "delta_exposure": 132.44, "approx_delta": 0.697, "is_atm": true, "tier": "tier1", "tag": "C | TIER1 | ATM | SMALL"}, {"timestamp": "2026-04-06T14:21:49.876706", "timestamp_str": "2026-04-06 14:21:49", "option_symbol": "O:SPY260407C00660000", "underlying": "SPY", "contract": "C", "contract_type": "C", "option_type": "C", "strike": 660.0, "expiry": "2026-04-07", "expiration": "2026-04-07", "dte": 1, "price": 1.9, "contracts": 1, "size": 1, "premium": 190.0, "side": "unknown", "delta_exposure": 132.45, "approx_delta": 0.6971, "is_atm": true, "tier": "tier1", "tag": "C | TIER1 | ATM | SMALL"}, {"timestamp": "2026-04-06T14:21:49.942512", "timestamp_str": "2026-04-06 14:21:49", "option_symbol": "O:SPY260410C00670000", "underlying": "SPY", "contract": "C", "contract_type": "C", "option_type": "C", "strike": 670.0, "expiry": "2026-04-10", "expiration": "2026-04-10", "dte": 4, "price": 1.35, "contracts": 1, "size": 1, "premium": 135.0, "side": "unknown", "delta_exposure": 92.06, "approx_delta": 0.6819, "is_atm": true, "tier": "tier2", "tag": "C | TIER2 | ATM | SMALL"}, {"timestamp": "2026-04-06T14:21:49.991626", "timestamp_str": "2026-04-06 14:21:49", "option_symbol": "O:SPY260508P00650000", "underlying": "SPY", "contract": "P", "contract_type": "P", "option_type": "P", "strike": 650.0, "expiry": "2026-05-08", "expiration": "2026-05-08", "dte": 32, "price": 12.13, "contracts": 1, "size": 1, "premium": 1213.0, "side": "unknown", "delta_exposure": -712.87, "approx_delta": -0.5877, "is_atm": true, "tier": "other", "tag": "P | OTHER | ATM | SMALL"}, {"timestamp": "2026-04-06T14:21:50.040250", "timestamp_str": "2026-04-06 14:21:50", "option_symbol": "O:SPY260407P00649000", "underlying": "SPY", "contract": "P", "contract_type": "P", "option_type": "P", "strike": 649.0, "expiry": "2026-04-07", "expiration": "2026-04-07", "dte": 1, "price": 0.73, "contracts": 2, "size": 2, "premium": 146.0, "side": "unknown", "delta_exposure": -100.19, "approx_delta": -0.6862, "is_atm": true, "tier": "tier1", "tag": "P | TIER1 | ATM | SMALL"}, {"timestamp": "2026-04-06T14:21:50.095134", "timestamp_str": "2026-04-06 14:21:50", "option_symbol": "O:SPY260406P00655000", "underlying": "SPY", "contract": "P", "contract_type": "P", "option_type": "P", "strike": 655.0, "expiry": "2026-04-06", "expiration": "2026-04-06", "dte": 0, "price": 0.13, "contracts": 1, "size": 1, "premium": 13.0, "side": "unknown", "delta_exposure": -9.04, "approx_delta": -0.6953, "is_atm": true, "tier": "tier1", "tag": "P | TIER1 | ATM | SMALL"}, {"timestamp": "2026-04-06T14:21:50.143263", "timestamp_str": "2026-04-06 14:21:50", "option_symbol": "O:SPY260406P00655000", "underlying": "SPY", "contract": "P", "contract_type": "P", "option_type": "P", "strike": 655.0, "expiry": "2026-04-06", "expiration": "2026-04-06", "dte": 0, "price": 0.13, "contracts": 1, "size": 1, "premium": 13.0, "side": "unknown", "delta_exposure": -9.04, "approx_delta": -0.6953, "is_atm": true, "tier": "tier1", "tag": "P | TIER1 | ATM | SMALL"}, {"timestamp": "2026-04-06T14:21:50.204794", "timestamp_str": "2026-04-06 14:21:50", "option_symbol": "O:SPY260407P00654000", "underlying": "SPY", "contract": "P", "contract_type": "P", "option_type": "P", "strike": 654.0, "expiry": "2026-04-07", "expiration": "2026-04-07", "dte": 1, "price": 1.57, "contracts": 1, "size": 1, "premium": 157.0, "side": "unknown", "delta_exposure": -108.93, "approx_delta": -0.6938, "is_atm": true, "tier": "tier1", "tag": "P | TIER1 | ATM | SMALL"}, {"timestamp": "2026-04-06T14:21:50.263239", "timestamp_str": "2026-04-06 14:21:50", "option_symbol": "O:SPY260407P00655000", "underlying": "SPY", "contract": "P", "contract_type": "P", "option_type": "P", "strike": 655.0, "expiry": "2026-04-07", "expiration": "2026-04-07", "dte": 1, "price": 1.85, "contracts": 1, "size": 1, "premium": 185.0, "side": "unknown", "delta_exposure": -128.63, "approx_delta": -0.6953, "is_atm": true, "tier": "tier1", "tag": "P | TIER1 | ATM | SMALL"}, {"timestamp": "2026-04-06T14:21:50.406344", "timestamp_str": "2026-04-06 14:21:50", "option_symbol": "O:SPY260406P00654000", "underlying": "SPY", "contract": "P", "contract_type": "P", "option_type": "P", "strike": 654.0, "expiry": "2026-04-06", "expiration": "2026-04-06", "dte": 0, "price": 0.07, "contracts": 1, "size": 1, "premium": 7.0, "side": "unknown", "delta_exposure": -4.86, "approx_delta": -0.6938, "is_atm": true, "tier": "tier1", "tag": "P | TIER1 | ATM | SMALL"}, {"timestamp": "2026-04-06T14:21:50.562689", "timestamp_str": "2026-04-06 14:21:50", "option_symbol": "O:SPY260407C00657000", "underlying": "SPY", "contract": "C", "contract_type": "C", "option_type": "C", "strike": 657.0, "expiry": "2026-04-07", "expiration": "2026-04-07", "dte": 1, "price": 3.51, "contracts": 1, "size": 1, "premium": 351.0, "side": "unknown", "delta_exposure": 246.26, "approx_delta": 0.7016, "is_atm": true, "tier": "tier1", "tag": "C | TIER1 | ATM | SMALL"}, {"timestamp": "2026-04-06T14:21:50.612924", "timestamp_str": "2026-04-06 14:21:50", "option_symbol": "O:SPY260406P00658000", "underlying": "SPY", "contract": "P", "contract_type": "P", "option_type": "P", "strike": 658.0, "expiry": "2026-04-06", "expiration": "2026-04-06", "dte": 0, "price": 0.78, "contracts": 1, "size": 1, "premium": 78.0, "side": "unknown", "delta_exposure": -54.59, "approx_delta": -0.6999, "is_atm": true, "tier": "tier1", "tag": "P | TIER1 | ATM | SMALL"}, {"timestamp": "2026-04-06T14:21:50.663211", "timestamp_str": "2026-04-06 14:21:50", "option_symbol": "O:SPY260406C00658000", "underlying": "SPY", "contract": "C", "contract_type": "C", "option_type": "C", "strike": 658.0, "expiry": "2026-04-06", "expiration": "2026-04-06", "dte": 0, "price": 0.73, "contracts": 1, "size": 1, "premium": 73.0, "side": "unknown", "delta_exposure": 51.11, "approx_delta": 0.7001, "is_atm": true, "tier": "tier1", "tag": "C | TIER1 | ATM | SMALL"}, {"timestamp": "2026-04-06T14:21:50.920484", "timestamp_str": "2026-04-06 14:21:50", "option_symbol": "O:SPY260406C00658000", "underlying": "SPY", "contract": "C", "contract_type": "C", "option_type": "C", "strike": 658.0, "expiry": "2026-04-06", "expiration": "2026-04-06", "dte": 0, "price": 0.74, "contracts": 5, "size": 5, "premium": 370.0, "side": "unknown", "delta_exposure": 259.03, "approx_delta": 0.7001, "is_atm": true, "tier": "tier1", "tag": "C | TIER1 | ATM | SMALL"}, {"timestamp": "2026-04-06T14:21:51.044194", "timestamp_str": "2026-04-06 14:21:51", "option_symbol": "O:SPY260407C00660000", "underlying": "SPY", "contract": "C", "contract_type": "C", "option_type": "C", "strike": 660.0, "expiry": "2026-04-07", "expiration": "2026-04-07", "dte": 1, "price": 1.91, "contracts": 5, "size": 5, "premium": 955.0, "side": "unknown", "delta_exposure": 665.7, "approx_delta": 0.6971, "is_atm": true, "tier": "tier1", "tag": "C | TIER1 | ATM | SMALL"}, {"timestamp": "2026-04-06T14:21:51.100778", "timestamp_str": "2026-04-06 14:21:51", "option_symbol": "O:SPY260410C00660000", "underlying": "SPY", "contract": "C", "contract_type": "C", "option_type": "C", "strike": 660.0, "expiry": "2026-04-10", "expiration": "2026-04-10", "dte": 4, "price": 5.45, "contracts": 5, "size": 5, "premium": 2725.0, "side": "unknown", "delta_exposure": 1899.55, "approx_delta": 0.6971, "is_atm": true, "tier": "tier2", "tag": "C | TIER2 | ATM | SMALL"}, {"timestamp": "2026-04-06T14:21:51.165852", "timestamp_str": "2026-04-06 14:21:51", "option_symbol": "O:SPY260406P00658000", "underlying": "SPY", "contract": "P", "contract_type": "P", "option_type": "P", "strike": 658.0, "expiry": "2026-04-06", "expiration": "2026-04-06", "dte": 0, "price": 0.78, "contracts": 102, "size": 102, "premium": 7956.0, "side": "unknown", "delta_exposure": -5568.23, "approx_delta": -0.6999, "is_atm": true, "tier": "tier1", "tag": "P | TIER1 | ATM | SMALL"}, {"timestamp": "2026-04-06T14:21:51.213882", "timestamp_str": "2026-04-06 14:21:51", "option_symbol": "O:SPY260406P00658000", "underlying": "SPY", "contract": "P", "contract_type": "P", "option_type": "P", "strike": 658.0, "expiry": "2026-04-06", "expiration": "2026-04-06", "dte": 0, "price": 0.78, "contracts": 25, "size": 25, "premium": 1950.0, "side": "unknown", "delta_exposure": -1364.76, "approx_delta": -0.6999, "is_atm": true, "tier": "tier1", "tag": "P | TIER1 | ATM | SMALL"}, {"timestamp": "2026-04-06T14:21:51.289576", "timestamp_str": "2026-04-06 14:21:51", "option_symbol": "O:SPY260406C00658000", "underlying": "SPY", "contract": "C", "contract_type": "C", "option_type": "C", "strike": 658.0, "expiry": "2026-04-06", "expiration": "2026-04-06", "dte": 0, "price": 0.75, "contracts": 100, "size": 100, "premium": 7500.0, "side": "unknown", "delta_exposure": 5250.8, "approx_delta": 0.7001, "is_atm": true, "tier": "tier1", "tag": "C | TIER1 | ATM | SMALL"}, {"timestamp": "2026-04-06T14:21:51.337782", "timestamp_str": "2026-04-06 14:21:51", "option_symbol": "O:SPY260406C00658000", "underlying": "SPY", "contract": "C", "contract_type": "C", "option_type": "C", "strike": 658.0, "expiry": "2026-04-06", "expiration": "2026-04-06", "dte": 0, "price": 0.75, "contracts": 1, "size": 1, "premium": 75.0, "side": "unknown", "delta_exposure": 52.51, "approx_delta": 0.7001, "is_atm": true, "tier": "tier1", "tag": "C | TIER1 | ATM | SMALL"}, {"timestamp": "2026-04-06T14:21:51.386316", "timestamp_str": "2026-04-06 14:21:51", "option_symbol": "O:SPY260407C00661000", "underlying": "SPY", "contract": "C", "contract_type": "C", "option_type": "C", "strike": 661.0, "expiry": "2026-04-07", "expiration": "2026-04-07", "dte": 1, "price": 1.49, "contracts": 5, "size": 5, "premium": 745.0, "side": "unknown", "delta_exposure": 518.18, "approx_delta": 0.6955, "is_atm": true, "tier": "tier1", "tag": "C | TIER1 | ATM | SMALL"}, {"timestamp": "2026-04-06T14:21:51.434490", "timestamp_str": "2026-04-06 14:21:51", "option_symbol": "O:SPY260409P00658000", "underlying": "SPY", "contract": "P", "contract_type": "P", "option_type": "P", "strike": 658.0, "expiry": "2026-04-09", "expiration": "2026-04-09", "dte": 3, "price": 5.42, "contracts": 1, "size": 1, "premium": 542.0, "side": "unknown", "delta_exposure": -379.35, "approx_delta": -0.6999, "is_atm": true, "tier": "tier1", "tag": "P | TIER1 | ATM | SMALL"}, {"timestamp": "2026-04-06T14:21:51.485353", "timestamp_str": "2026-04-06 14:21:51", "option_symbol": "O:SPY260409P00658000", "underlying": "SPY", "contract": "P", "contract_type": "P", "option_type": "P", "strike": 658.0, "expiry": "2026-04-09", "expiration": "2026-04-09", "dte": 3, "price": 5.4, "contracts": 1, "size": 1, "premium": 540.0, "side": "unknown", "delta_exposure": -377.94, "approx_delta": -0.6999, "is_atm": true, "tier": "tier1", "tag": "P | TIER1 | ATM | SMALL"}, {"timestamp": "2026-04-06T14:21:51.590409", "timestamp_str": "2026-04-06 14:21:51", "option_symbol": "O:SPY260406C00659000", "underlying": "SPY", "contract": "C", "contract_type": "C", "option_type": "C", "strike": 659.0, "expiry": "2026-04-06", "expiration": "2026-04-06", "dte": 0, "price": 0.34, "contracts": 6, "size": 6, "premium": 204.0, "side": "unknown", "delta_exposure": 142.52, "approx_delta": 0.6986, "is_atm": true, "tier": "tier1", "tag": "C | TIER1 | ATM | SMALL"}, {"timestamp": "2026-04-06T14:21:51.638893", "timestamp_str": "2026-04-06 14:21:51", "option_symbol": "O:SPY260407P00652000", "underlying": "SPY", "contract": "P", "contract_type": "P", "option_type": "P", "strike": 652.0, "expiry": "2026-04-07", "expiration": "2026-04-07", "dte": 1, "price": 1.15, "contracts": 1, "size": 1, "premium": 115.0, "side": "unknown", "delta_exposure": -79.44, "approx_delta": -0.6907, "is_atm": true, "tier": "tier1", "tag": "P | TIER1 | ATM | SMALL"}